
@article{weismann_entwicklung_2016,
	title = {Entwicklung von Strom-Lastprofilen für Schulgebäude und Anwendung für die energetische Bewertung auf Quartiersebene: Entwicklung von Strom-Lastprofilen für Schulgebäude und Anwendung für die energetische Bewertung auf Quartiersebene},
	volume = {38},
	issn = {01715445},
	url = {http://doi.wiley.com/10.1002/bapi.201610021},
	doi = {10.1002/bapi.201610021},
	shorttitle = {Entwicklung von Strom-Lastprofilen für Schulgebäude und Anwendung für die energetische Bewertung auf Quartiersebene},
	pages = {212--221},
	number = {4},
	journaltitle = {Bauphysik},
	shortjournal = {Bauphysik},
	author = {Weißmann, Claudia and Kumpf, Lena and Graubner, Carl-Alexander},
	urldate = {2021-01-02},
	date = {2016-08},
	langid = {german},
	keywords = {Hintergrundinformation, Lastprofile},
	file = {Weißmann et al. - 2016 - Entwicklung von Strom-Lastprofilen für Schulgebäud.pdf:/home/max/Zotero/storage/DIUAZB8A/Weißmann et al. - 2016 - Entwicklung von Strom-Lastprofilen für Schulgebäud.pdf:application/pdf},
}

@thesis{hennes_ubersicht_2020,
	location = {Oberhausen},
	title = {Übersicht und Beispielberechnung zur Flexibilisierung von Kälteversorgungssystemen},
	url = {http://publica.fraunhofer.de/eprints/urn_nbn_de_0011-n-5958302.pdf},
	institution = {Hochschule Ruhr West},
	type = {Bachelorarbeit},
	author = {Hennes, David},
	date = {2020},
	langid = {german},
	file = {urn_nbn_de_0011-n-5958302.pdf:/home/max/Zotero/storage/B5DDS9Q5/urn_nbn_de_0011-n-5958302.pdf:application/pdf},
}

@report{masson-delmotte_summary_2018,
	location = {Geneva},
	title = {Summary for Policymakers. In: Global Warming of 1.5°C. An {IPCC} Special Report on the impacts of global warming of 1.5°C above pre-industrial levels and related global greenhouse gas emission pathways, in the context of strengthening the global response to the threat of climate change, sustainable development, and efforts to eradicate poverty},
	url = {https://www.ipcc.ch/site/assets/uploads/sites/2/2019/05/SR15_SPM_version_report_LR.pdf},
	pages = {32 pp.},
	institution = {World Meteorological Organization},
	author = {Masson-Delmotte, V. and Zhai, P. and Pörtner, H.-O. and Roberts, D. and Skea, J. and Shukla, P.R. and Pirani, A. and Moufouma-Okia, W. and Péan, C. and Pidcock, R. and Connors, S. and Matthews, J.B.R. and Chen, Y. and Zhou, X. and Gomis, M.I. and Lonnoy, E. and Maycock, T. and Tignor, M. and Waterfield, T.},
	date = {2018},
	file = {SR15_SPM_version_report_LR.pdf:/home/max/Zotero/storage/V28SIRLK/SR15_SPM_version_report_LR.pdf:application/pdf},
}

@collection{teske_achieving_2019,
	location = {Cham},
	title = {Achieving the Paris Climate Agreement Goals: Global and Regional 100\% Renewable Energy Scenarios with Non-energy {GHG} Pathways for +1.5°C and +2°C},
	isbn = {978-3-030-05842-5 978-3-030-05843-2},
	url = {http://link.springer.com/10.1007/978-3-030-05843-2},
	shorttitle = {Achieving the Paris Climate Agreement Goals},
	publisher = {Springer International Publishing},
	editor = {Teske, Sven},
	urldate = {2021-01-02},
	date = {2019},
	langid = {english},
	doi = {10.1007/978-3-030-05843-2},
	keywords = {Hintergrundinformation, Klimamodelle, Szenarienbildung},
	file = {Teske - 2019 - Achieving the Paris Climate Agreement Goals Globa.pdf:/home/max/Zotero/storage/WMGLKZID/Teske - 2019 - Achieving the Paris Climate Agreement Goals Globa.pdf:application/pdf},
}

@unpublished{wolter_skript_2020,
	location = {Magdeburg},
	title = {Skript zur Vorlesung "Elektrische Netze 1"; Sationäre und Quasistationäre Netzberechnung},
	url = {https://www.lena.ovgu.de/lena_media/Dokumente+und+Skripte/Skript_EN1-p-1578.pdf},
	type = {Skriptum},
	howpublished = {Skriptum},
	author = {Wolter, Martin},
	date = {2020},
	keywords = {mathematische Grundlagenliteratur},
	file = {Skript_EN1.pdf:/home/max/Zotero/storage/32HYX3UI/Skript_EN1.pdf:application/pdf},
}

@article{kuthe_zielgruppenspezifische_nodate,
	title = {Zielgruppenspezifische Klimawandelkommunikation mit Jugendlichen},
	series = {{CCCA} Fact Sheet},
	pages = {2},
	number = {22},
	author = {Kuthe, Alina and Körfgen, Annemarie and Stötter, Johann},
	langid = {german},
	keywords = {einfache Klimabildung},
	file = {Kuthe et al. - Zielgruppenspezifische Klimawandelkommunikation mi.pdf:/home/max/Zotero/storage/W9NAD4YR/Kuthe et al. - Zielgruppenspezifische Klimawandelkommunikation mi.pdf:application/pdf},
}

@article{uhl-hadicke_unerwunschte_nodate,
	title = {Unerwünschte Nebenwirkungen von Klimawandel- kommunikation},
	url = {https://ccca.ac.at/fileadmin/00_DokumenteHauptmenue/02_Klimawissen/FactSheets/24_unerwünschte_nebenwirkungen_v2_20180618.pdf},
	series = {{CCCA} Fact Sheet},
	pages = {2},
	number = {24},
	author = {Uhl-Hädicke, Isabella},
	urldate = {2020-12-29},
	langid = {german},
	keywords = {einfache Klimabildung},
	file = {Uhl-Hädicke - Unerwünschte Nebenwirkungen von Klimawandel- kommu.pdf:/home/max/Zotero/storage/EIHUTC7K/Uhl-Hädicke - Unerwünschte Nebenwirkungen von Klimawandel- kommu.pdf:application/pdf},
}

@article{steurer_zehn_2019,
	title = {Zehn Mythen der Klimapolitik},
	url = {https://www.falter.at/zeitung/20190924/zehn-mythen-der-klimapolitik?fbclid=IwAR3u2R_Njdhh3lUt0zwpE75cHBPyqf93KvGKWa9AEpGG8coZhThDYcAVeNY},
	abstract = {10 Mythen, die vor allem im Wahlkampf präsent waren und meist auf einem Kern basieren werden erklärt und entmythisiert, also der wahre Kern von der Falschinterpretation getrennt.},
	journaltitle = {Falter.at},
	author = {Steurer, Reinhard},
	urldate = {2020-12-29},
	date = {2019-09-24},
	langid = {german},
	keywords = {einfache Klimabildung, Klimaleugner},
}

@report{stangl_klimastatusbericht_2020,
	location = {Graz},
	title = {Klimastatusbericht Österreich 2019},
	url = {https://ccca.ac.at/fileadmin/00_DokumenteHauptmenue/02_Klimawissen/Klimastatusbericht/web_Klimastatusbericht_OE_2019.pdf},
	institution = {{CCCA}},
	author = {Stangl, Martha and Formayer, Herbert and Höfler, Angelika and Andre, Konrad and Kalcher, Manuela and Hiebl, Johann and Hofstätter, Michael and Orlik, Alexander and Michl, Claudia},
	date = {2020},
	file = {web_Klimastatusbericht_OE_2019.pdf:/home/max/Zotero/storage/BYD5D8Q3/web_Klimastatusbericht_OE_2019.pdf:application/pdf},
}

@article{truhetz_einflussfaktoren_2014,
	title = {Einflussfaktoren und Ausprägungen; Regionale Klimamodellmodellierung in Österreich},
	url = {https://www.jstor.org/stable/10.2307/j.ctv8pzcq7},
	series = {{CCCA} Fact Sheet},
	number = {1},
	author = {Truhetz, Heimo and Anders, Ivonne},
	urldate = {2020-12-29},
	date = {2014},
	langid = {german},
	note = {{OCLC}: 1176346727},
	keywords = {Klimamodelle},
	file = {Austrian Panel on Climate Change und Kromp-Kolb - 2014 - Österreichischer Sachstandsbericht Klimawandel 201.pdf:/home/max/Zotero/storage/7LGCLJHS/Austrian Panel on Climate Change und Kromp-Kolb - 2014 - Österreichischer Sachstandsbericht Klimawandel 201.pdf:application/pdf},
}

@article{kranzl_auswirkungen_nodate,
	title = {Auswirkungen des Klimawandels auf die Energie- und Stromversorgung in Österreich},
	series = {{CCCA} Fact Sheet},
	pages = {2},
	number = {10},
	author = {Kranzl, Lukas and Totschnig, Gerhard and Müller, Andreas and Hummel, Marcus and Loibl, Wolfgang and Schicker, Irene and Toleikyte, Agne and Bachner, Gabriel and Bednar-Friedl, Birgit and Themeßl, Matthias and Wolf, Angelika and Kriechbaum, Michael and Pech, Michael},
	langid = {german},
	keywords = {Strommarkt {AUT}},
	file = {Kranzl et al. - Auswirkungen des Klimawandels auf die Energie- und.pdf:/home/max/Zotero/storage/QCNJTJZW/Kranzl et al. - Auswirkungen des Klimawandels auf die Energie- und.pdf:application/pdf},
}

@unpublished{thiemann_energy_2018,
	location = {Freiburg},
	title = {Energy Informatics - Data Modeling and Analysis},
	url = {http://dbis.informatik.uni-freiburg.de/content/courses/WS1718/Kursvorlesung/Energy%20Informatics/Slides/Lecture/EI-Programming-01.pdf},
	author = {Thiemann, Peter},
	date = {2018},
	langid = {english},
	keywords = {Programmierung},
	file = {Thiemann - Data Modeling and Analysis.pdf:/home/max/Zotero/storage/3K2HYUL7/Thiemann - Data Modeling and Analysis.pdf:application/pdf},
}

@book{eiffert_building-integrated_nodate,
	title = {Building-Integrated Photovoltaic Designs for Commercial and Institutional Structures},
	rights = {National Renewable Energy Laboratory, Kiss + Cathcart Architects},
	abstract = {Verschiedene Realisierte Projekte und genaue Einbaubeschreinbungen
Systeme
vorgeschlagene Programme für {PV}-Installation},
	author = {Eiffert, Ph.D., Patrina and Kiss, Gregory J.},
	urldate = {2020-09-15},
	file = {Eiffert und Kiss - Building-Integrated Photovoltaic Designs for Comme.pdf:/home/max/Zotero/storage/9UUPDT9L/Eiffert und Kiss - Building-Integrated Photovoltaic Designs for Comme.pdf:application/pdf},
}

@report{contribution_of_working_groups_i_ii_and_iii_to_the_fifth_assessment_report_of_the_intergovernmental_panel_on_climate_change_climate_2014,
	location = {Geneva, Switzerland},
	title = {Climate Change 2014: Synthesis Report},
	url = {https://www.ipcc.ch/site/assets/uploads/2018/02/SYR_AR5_FINAL_full.pdf},
	pages = {151 pp.},
	institution = {{IPCC}},
	author = {Contribution of Working Groups I, {II} \{and\} {III} to the Fifth Assessment Report of the Intergovernmental Panel on Climate Change},
	date = {2014},
	note = {Core Writing Team, R.K. Pachauri and L.A. Mayer (eds.)},
	file = {IPCC_SynthesisReport.pdf:/Users/evavetter/Zotero/Allgemeine Bibliothek/IPCC_SynthesisReport.pdf:application/pdf},
}

@report{noauthor_emissionshandelssystem_nodate,
	location = {Brüssel},
	title = {Emissionshandelssystem ({EU}-{EHS})},
	url = {https://ec.europa.eu/clima/policies/ets_de},
	institution = {Europäische Kommission},
	urldate = {2020-05-31},
}

@report{gollner_booklet_2019,
	location = {Wien},
	title = {Booklet of Positive Energy Districts, 2019},
	url = {https://jpi-urbaneurope.eu/app/uploads/2019/04/Booklet-of-Positive-Energy-Districts.pdf},
	institution = {{JPI} Urban Europe  c/o Austrian Research Promotion {AgencyFFG}},
	author = {Gollner, Christoph and Hinterberger, Robert and Noll, Margit and Meyer, Susanne and Schwar, Hany-Günther},
	urldate = {2019-12-30},
	date = {2019},
}

@online{vito_nv_smart_2020,
	title = {Smart Readiness Indicator for Buildings: Project summary 2nd technical support study},
	url = {https://smartreadinessindicator.eu/},
	author = {Vito {NV}},
	urldate = {2020-02-10},
	date = {2020},
}

@book{reiter_kleinwindkraft_2014,
	location = {Wien},
	edition = {2},
	title = {Kleinwindkraft: Ein Leitfaden zur Planung und Umsetzung},
	url = {https://www.oegut.at/downloads/pdf/eb-kleinwindkraft_anhang5.pdf},
	author = {Reiter, Daniel},
	urldate = {2020-02-10},
	date = {2014},
}

@book{mair_am_tinkhof_richt-_2017,
	location = {Wien, Salzburg, Dornbirn},
	title = {Richt- und Zielwerte für Siedlungen zur integralen Bewertung der Klimaverträglichkeit von Gebäuden und Mobilitätsinfrastruktur in Neubausiedlungen},
	url = {https://nachhaltigwirtschaften.at/resources/sdz_pdf/berichte/schriftenreihe_2017-39_richt-zielwerte-siedlungen.pdf},
	series = {Berichte aus Energie- und Umweltforschung},
	publisher = {Bundesministerium für Verkehr, Innovation und Technologie},
	author = {Mair am Tinkhof, Oskar and Strasser, Helmut and Prinz, Thomas and Herbst, Stefan and Schuster, Markus and Tomschy, Rupert and Figl, Hildegund and Fellner, Maria and Dornigg, Isabella and Roßkopf, Thomas and Ploß, Martin},
	urldate = {2020-02-10},
	date = {2017},
}

@online{bundesministerium_fur_klimaschutz_umwelt_energie_mobilitat_innovation_und_technologie_larminfoat_2020,
	title = {Lärminfo.at, Lärmschutz für Österreich},
	url = {https://maps.laerminfo.at/?g_card=autobahn_17_24h#},
	author = {Bundesministerium für Klimaschutz, Umwelt, Energie, Mobilität, Innovation und Technologie},
	urldate = {2020-02-10},
	date = {2020},
}

@online{energieinstitut_vorarlberg_heizrechner_nodate,
	title = {Heizrechner},
	url = {https://www.energieinstitut.at/tools/HeizrechnerV4/},
	author = {Energieinstitut Vorarlberg},
	urldate = {2020-02-10},
}

@legislation{bundesministerium_fur_digitalisierung_und_wirtschaftsstandort_landesrecht_2014,
	title = {Landesrecht Niederösterreichwww.ris.bka.gv.{atSeite} 1von 9Gesamte Rechtsvorschrift für Sektorales Raumordnungsprogramm Windkraftnutzung in {NÖ}, Fassung vom 10.02.2020},
	url = {https://www.ris.bka.gv.at/GeltendeFassung/LrNO/20000722/Sektorales%20Raumordnungsprogramm%20Windkraftnutzung%20in%20N%c3%96%2c%20Fassung%20vom%2010.02.2020.pdf},
	pages = {9},
	author = {Bundesministerium für Digitalisierung und Wirtschaftsstandort},
	urldate = {2020-02-10},
	date = {2014-04-09},
}

@online{evn_ag_umweltfreundliche_2020,
	title = {Umweltfreundliche Nahwärme},
	url = {https://www.evn.at/Privatkunden/Waerme/Umwelt-und-Technik/Nahwaerme.aspx},
	author = {{EVN} {AG}},
	urldate = {2020-02-10},
	date = {2020},
}

@online{aqua_libre_strom-boje_2012,
	title = {Strom-Boje - Technische Beschreibung},
	url = {http://www.aqualibre.at/DE/hauptmenue/techn-beschreibung/strom-boje-techn-beschreibung.html},
	titleaddon = {{AquaLibre}},
	author = {Aqua Libre},
	urldate = {2020-02-10},
	date = {2012},
}

@unpublished{leibold_smart_2019,
	location = {Wien},
	title = {Smart City - Mikroquartiere},
	author = {Leibold, Jens},
	urldate = {2020-02-07},
	date = {2019-11-28},
}

@report{statistik_austria_kraftfahrzeuge_2020,
	location = {Wien},
	title = {Kraftfahrzeuge - Bestand},
	url = {https://www.statistik.at/web_de/statistiken/energie_umwelt_innovation_mobilitaet/verkehr/strasse/kraftfahrzeuge_-_bestand/index.html},
	institution = {Bundesanstalt Statistik Austria},
	author = {Statistik Austria},
	urldate = {2020-01-31},
	date = {2020},
}

@report{statistik_austria_durchschnittliche_2020,
	location = {Wien},
	title = {Durchschnittliche Anzahl der Personen je Haushalt in Österreich von 2008 bis 2018},
	url = {https://de.statista.com/statistik/daten/studie/75465/umfrage/oesterreich-durchschnittliche-anzahl-der-personen-je-haushalt/},
	institution = {Statista},
	author = {Statistik Austria},
	urldate = {2020-02-10},
	date = {2020},
}

@unpublished{bell_wahlmodul_2019,
	location = {Wien},
	title = {Wahlmodul {PEQ} \#Systemgrenzen},
	type = {Vortrag},
	howpublished = {Vortrag},
	author = {Bell, Daniel},
	date = {2019},
}

@book{fechner_gebaudeintegrierte_2009,
	location = {Wien},
	title = {Gebäudeintegrierte Photovoltaik Teil 1},
	url = {https://www.klimafonds.gv.at/wp-content/uploads/sites/6/GIPVStudieTeil1.pdf},
	author = {Fechner, Hubert and Sehnal, Erik and Univ.Prof. Haas, Reinhard and López-Polo, Assun},
	editor = {Klima- und Energiefonds},
	editora = {Kletzan-Slamanig, Daniela},
	editoratype = {collaborator},
	date = {2009},
}

@online{edel_flache_2017,
	title = {Flache Dachfläche: Die Vor- und Nachteile einer {PV}-Installation},
	url = {https://de.blog.milkthesun.com/flache-dachflaeche-die-vor-und-nachteile-einer-pv-installation/},
	author = {Edel, Simon},
	date = {2017},
}

@article{huthig_gmbh_stromenstehungskosten_2016,
	location = {Heidelberg},
	title = {Stromenstehungskosten minimieren: Erstes Freiflächensystem mit X-Modul-Technologie},
	url = {https://www.elektro.net/70318/erstes-freiflaechensystem-mit-x-modul-technologie/},
	author = {Hüthig {GmbH}},
	date = {2016-12-06},
}

@misc{the_dem4bipv_consortium_bipv_2019,
	title = {{BIPV} Project Development of innovative educational material for Building-integrated {PV}},
	url = {file:///C:/Users/Kids/Documents/FH%20Technikum/PEQ_Korneuburg/PVsites_Anleitung.pdf},
	author = {The Dem4BiPV Consortium},
	urldate = {2019-12-30},
	date = {2019},
}

@book{amt_der_no_landesregierung_no_2019,
	location = {St. Pölten},
	title = {{NÖ} Photovoltaik-Leitfaden –Die wichtigsten Bewilligungs-/Genehmigungs-  und Anzeigeverfahren auf einem Blick},
	rights = {Abt. Umwelt- und Energierecht ({RU}4)},
	url = {https://www.enu.at/Download/?id=2284},
	pagetotal = {18},
	publisher = {{eNu}- Energie- und Umweltagentur {NÖ}},
	author = {Amt der {NÖ} Landesregierung},
	urldate = {2020-02-09},
	date = {2019-03},
	file = {_.pdf:/home/max/Zotero/storage/YRLEDQXB/_.pdf:application/pdf},
}

@report{fraunhofer_ise_aktuelle_2020,
	location = {Freiburg},
	title = {Aktuelle Fakten zur Photovoltaik in Deutschland},
	abstract = {Down-load von www.pv-fakten.de},
	author = {Fraunhofer {ISE}},
	date = {2020-01-07},
}

@book{rosenkranz_megatrends_2015,
	location = {Kein Ort angegeben!},
	title = {Megatrends der globalen Energiewende},
	url = {https://mobil.wwf.de/fileadmin/fm-wwf/lichtblick/Megatrends-der-globalen-Energiewende.pdf},
	abstract = {Herausgeber: {WWF} Deutschland und {LIchtBlick} {SE}},
	author = {Rosenkranz, Gerd},
	urldate = {2020-05-25},
	date = {2015-10},
}

@misc{stadt_wien_wien_nodate,
	location = {Wien},
	title = {Wien Umweltgut},
	url = {https://www.wien.gv.at/umweltgut/public/grafik.aspx?bookmark=0lGExQSnTcRCsy9HEzq4RjnC7kxRMuDGdDhyVrcEud7S6zHaPzYbMoCOJyagxrmICVA-c},
	editora = {Stadt Wien},
	editoratype = {collaborator},
	urldate = {2019-12-30},
}

@report{hegel_simulationsstudie_nodate,
	title = {Simulationsstudie zu Niedertemperatur-Mikronetzen zeigt Potenziale zur Einbindung von erneuerbaren Energieträgern},
	url = {http://www.aee.at/aee/netzgebundene-waermeversorgung/89-zeitschrift/zeitschriften/2018-01/1038-simulationsstudie-zu-niedertemperatur-mikronetzen-zeigt-potenziale-zur-einbindung-von-erneuerbaren-energietraegern-auf},
	type = {Onlinebericht},
	author = {Hegel, Franz and Amon, Sandra and Knabl, Samuel},
	urldate = {2020-01-03},
}

@incollection{universitat_kassel_photovoltaik_nodate,
	title = {Photovoltaik},
	url = {https://www.uni-kassel.de/eecs/fileadmin/datas/fb16/Fachgebiete/FSG/Download/Lehre/ETP1/Photovoltaik.pdf},
	author = {Universität Kassel},
	urldate = {2019-11-18},
	file = {Universität Kassel - Photovoltaik.pdf:/home/max/Zotero/storage/QJGTWKRN/Universität Kassel - Photovoltaik.pdf:application/pdf},
}

@software{joint_research_center_european_commission_photovoltaic_2017,
	title = {Photovoltaic geographical information system},
	url = {https://re.jrc.ec.europa.eu/pvg_tools/en/tools.html},
	author = {Joint Research Center European Commission},
	date = {2017},
}

@article{pv_austria_zukunftstechnologie_2019,
	title = {Zukunftstechnologie Photovoltaik},
	url = {https://www.pvaustria.at/meine-pv-anlage/technologie/#tab3},
	author = {{PV} Austria},
	date = {2019-11-18},
}

@misc{noauthor_!_nodate,
	title = {\#! {UNSER} {DOKUMENT} !\#},
	url = {http://besteenergytalks.com/vorzeigebeispiel/},
	shorttitle = {nicht zitieren},
	file = {SolarTracking1.0.docx:/home/max/Zotero/storage/TGJTZNTW/SolarTracking1.0.docx:application/vnd.openxmlformats-officedocument.wordprocessingml.document},
}

@book{richter_ephemeridenrechnung_2017,
	location = {Berlin},
	title = {Ephemeridenrechnung Schritt für Schritt},
	isbn = {{ISBN} 978-3-662-54715-1},
	publisher = {Springer Spektrum},
	author = {Richter, Dieter},
	date = {2017},
	file = {_.pdf:/home/max/Zotero/storage/VAYQC45Q/_.pdf:application/pdf},
}

@book{weigert_astronomie_2005,
	location = {Weinheim},
	edition = {4},
	title = {Astronomie und Astrophysik},
	publisher = {Wiley-{VCH} Verlag},
	author = {Weigert, Alfred and Wendker, Heinrich and Wisotzki, Lutz},
	date = {2005},
}

@report{iea_renewables_2017,
	title = {Renewables 2017 Analysis and Forecasts to 2022},
	url = {https://www.iea.org/Textbase/npsum/renew2017MRSsum.pdf},
	author = {{IEA}},
	urldate = {2019-11-12},
	date = {2017},
	keywords = {Hintergrundinformation},
	file = {IEA - 2017 - Renewables 2017 Analysis and Forecasts to 2022.pdf:/home/max/Zotero/storage/5DU72GCW/IEA - 2017 - Renewables 2017 Analysis and Forecasts to 2022.pdf:application/pdf},
}

@book{ren21_renewables_2019,
	title = {Renewables 2019 Globas Status Report},
	isbn = {{ISBN} 978-3-9818911-7-1},
	url = {https://moodle.technikum-wien.at/pluginfile.php/527330/mod_resource/content/3/Global%20Status%20report%20renewables%202019.pdf},
	author = {{REN}21},
	date = {2019},
	file = {REN21 - 2019 - Renewables 2019 Globas Status Report.pdf:/home/max/Zotero/storage/ZVPTMGAI/REN21 - 2019 - Renewables 2019 Globas Status Report.pdf:application/pdf},
}

@article{eldin_feasibility_2016,
	title = {Feasibility of solar tracking systems for {PV} panels in hot and cold regions},
	volume = {85},
	issn = {09601481},
	url = {https://linkinghub.elsevier.com/retrieve/pii/S0960148115300744},
	doi = {10.1016/j.renene.2015.06.051},
	abstract = {Solar tracking systems would probably increase the efﬁciency of a {PV} module, but when and where. There are many factors that affect the performance of {PV} panels, especially crystalline silicon panels, e.g. overheating due to excessive exposure to solar irradiance in a hot climate as in Sunbelt countries. So, it could be the case that a tracking system is not necessary for a Sunbelt country. The objective of this research is to determine mathematically the performance of a {PV} panel as a function of tracking the sun and the operating conditions. The used mathematical model is validated experimentally and then applied for several environments, i.e. hot as well as cold regions. It has been found that the gain in electrical energy from tracking the sun is about 39\% in case of a cold city as Berlin, Germany. While the gain in energy does not exceed 8\% in case of a hot city as Aswan, Egypt, due to overheating of the {PV} panels. However, if the energy needed for running the tracking system, which ranges from 5\% to 10\% of the energy generated, is included in this analysis then tracking the sun will not be feasible in hot countries.},
	pages = {228--233},
	journaltitle = {Renewable Energy},
	shortjournal = {Renewable Energy},
	author = {Eldin, S.A. Sharaf and Abd-Elhady, M.S. and Kandil, H.A.},
	urldate = {2019-10-15},
	date = {2016-01},
	langid = {english},
	keywords = {Hintergrundinformation, technisch Hauptliteratur},
	file = {Eldin et al. - 2016 - Feasibility of solar tracking systems for PV panel.pdf:/home/max/Zotero/storage/TRAI9CTT/Eldin et al. - 2016 - Feasibility of solar tracking systems for PV panel.pdf:application/pdf},
}

@article{eke_performance_nodate,
	title = {Performance comparison of a double-axis sun tracking versus fixed {PV} system},
	url = {https://reader.elsevier.com/reader/sd/pii/S0038092X12002174?token=C3636265BB4C65125138A03C414A35712BFA2B28014A28834F3F3F4358FF247A5DD9A9A36C08EBEA60DBAF53138F914D},
	abstract = {Experimenteller Vergleich: 2 achsig Nachgeführt und nicht nachgeführt},
	author = {Eke, Rustu and Senturk, Ali},
	keywords = {technisch Hauptliteratur},
	file = {httpsreader.elsevier.comreadersdpiiS0038092.pdf:/home/max/Zotero/storage/TPQD59D8/httpsreader.elsevier.comreadersdpiiS0038092.pdf:application/pdf},
}

@report{noauthor_notitle_nodate,
	file = {_.pdf:/home/max/Zotero/storage/L2D8U6WJ/_.pdf:application/pdf},
}

@report{international_renewable_energy_agency_renewable_nodate,
	title = {Renewable Capacity Statistics 2019},
	author = {International Renewable Energy Agency},
	keywords = {Hintergrundinformation, unverständlich},
	file = {_.pdf:/home/max/Zotero/storage/SIUUHCM3/_.pdf:application/pdf},
}

@report{noauthor_renewables_nodate,
	title = {Renewables 2018, Analysis and Forecasts to 2023, Executive Summary},
	keywords = {Hintergrundinformation},
	file = {_.pdf:/home/max/Zotero/storage/H9R2HAWL/_.pdf:application/pdf},
}

@report{international_energy_agency_renewables_nodate,
	title = {Renewables 2017, Analysis and Forecasts to 2022, Executive Summary},
	url = {https://www.iea.org/Textbase/npsum/renew2017MRSsum.pdf},
	author = {International Energy Agency},
	urldate = {2019-10-15},
	keywords = {Hintergrundinformation},
	file = {_.pdf:/home/max/Zotero/storage/XWKSH4XK/_.pdf:application/pdf},
}

@online{noauthor_eur-lex_nodate,
	title = {{EUR}-Lex - 52020PC0080 - {EN} - {EUR}-Lex},
	url = {https://eur-lex.europa.eu/legal-content/EN/TXT/?qid=1588581905912&uri=CELEX:52020PC0080},
	urldate = {2021-02-05},
	keywords = {Klimapolitik, {EU} Green Deal},
	file = {EUR-Lex - 52020PC0080 - EN - EUR-Lex:/home/max/Zotero/storage/Z3QRXPRZ/TXT.html:text/html},
}

@misc{noauthor_european_nodate,
	title = {European Green Deal},
	file = {European_Green_Deal.pdf:/home/max/Zotero/storage/BYVE35YE/European_Green_Deal.pdf:application/pdf},
}

@article{liu_convergence_2020,
	title = {Convergence Analysis of Newton-Raphson Method in Feasible Power-Flow for {DC} Network},
	volume = {35},
	abstract = {The Newton-Raphson ({NR}) method is a powerful tool in nonlinear equations. However, a well-known disadvantage of this method is that the initial iteration value must be chosen sufﬁciently close to a true solution in order to guarantee its convergence. The Kantorovich theorem is virtually the only known sufﬁciency condition for convergence of {NR} method, and gives very conservative bounds. This letter analyzes the convergence of the {NR} method in feasible power-ﬂow for direct-current ({DC}) network, and an explicit convergence condition is obtained. Comparing with the existing results, the proposed convergence condition is more concise and less conservative. Moreover, according to the proposed condition, one can easily set the initial iteration value to guarantee the convergence of the {NR} method. Case studies verify the correctness of the presented analysis.},
	pages = {4},
	number = {5},
	journaltitle = {{IEEE} {TRANSACTIONS} {ON} {POWER} {SYSTEMS}},
	author = {Liu, Zhangjie and Zhang, Xin and Su, Mei and Sun, Yao and Han, Hua and Wang, Peng},
	date = {2020},
	langid = {english},
	keywords = {mathematische Grundlagenliteratur, Existenz/Genauigkeit},
	file = {Liu et al. - 2020 - Convergence Analysis of Newton-Raphson Method in F.pdf:/home/max/Zotero/storage/3YD6KVLL/Liu et al. - 2020 - Convergence Analysis of Newton-Raphson Method in F.pdf:application/pdf},
}

@online{kulworawanichpong_simplified_nodate,
	title = {Simplified Newton–Raphson power-flow solution method {\textbar} Elsevier Enhanced Reader},
	url = {https://reader.elsevier.com/reader/sd/pii/S0142061509001847?token=611B1FEBF7A352622FE61742426B5B355F7569B16DA9D723F8CC85367B89EC664C39269306A840C70A5657E30890B9C6},
	author = {Kulworawanichpong, Thanatchai},
	urldate = {2021-02-22},
	langid = {english},
	doi = {10.1016/j.ijepes.2009.11.011},
	keywords = {mathematische Grundlagenliteratur},
	file = {Snapshot:/home/max/Zotero/storage/7YQCFXPH/S0142061509001847.html:text/html;Kulworawanichpong - Simplified Newton–Raphson power-flow solution meth.pdf:/home/max/Zotero/storage/UEP4G5F7/Kulworawanichpong - Simplified Newton–Raphson power-flow solution meth.pdf:application/pdf},
}

@article{kulworawanichpong_simplified_2010,
	title = {Simplified Newton–Raphson power-flow solution method},
	volume = {32},
	issn = {01420615},
	url = {https://linkinghub.elsevier.com/retrieve/pii/S0142061509001847},
	doi = {10.1016/j.ijepes.2009.11.011},
	abstract = {This paper presents a simpliﬁed version of the well-known Newton–Raphson power-ﬂow solution method, which is based on the current balance principle to formulate a set of nonlinear equations. Although there exist several powerful power ﬂow solvers based on the standard Newton–Raphson ({NR}) method, their corresponding problem formulation is not simple due to the need for calculation of derivatives in their Jacobian matrix. The proposed method employs nonlinear current mismatch equations instead of the commonly-used power mismatches to simplify overall equation complexity. Derivation of Jacobian matrix’s updating formulae is illustrated in comparison with those of the standard Newton–Raphson method. To demonstrate its use, a simple 3-bus power system was selected as a numerical example. The effectiveness of the proposed method was examined by computer simulations through ﬁve test systems: (1) 5-bus test system, (2) 6-bus test system, (3) 24-bus {IEEE} test system, (4) 30-bus {IEEE} test system and (5) 57-bus {IEEE} test system. Its convergence and calculation time were observed carefully and compared with solutions obtained by the standard {NR} power ﬂow method. The results show that the proposed {NR} method spends less execution time than the standard method does with similar convergence characteristics.},
	pages = {551--558},
	number = {6},
	journaltitle = {International Journal of Electrical Power \& Energy Systems},
	shortjournal = {International Journal of Electrical Power \& Energy Systems},
	author = {Kulworawanichpong, Thanatchai},
	urldate = {2021-02-22},
	date = {2010-07},
	langid = {english},
	file = {Kulworawanichpong - 2010 - Simplified Newton–Raphson power-flow solution meth.pdf:/home/max/Zotero/storage/QJLAJBC8/Kulworawanichpong - 2010 - Simplified Newton–Raphson power-flow solution meth.pdf:application/pdf},
}

@article{kost_stromgestehungskosten_nodate,
	title = {Stromgestehungskosten erneuerbare Energien},
	pages = {44},
	author = {Kost, Dr Christoph and Schlegl, Dr Thomas and Ise, Fraunhofer},
	langid = {german},
	file = {Kost et al. - Stromgestehungskosten erneuerbare Energien.pdf:/home/max/Zotero/storage/2VMF3CJF/Kost et al. - Stromgestehungskosten erneuerbare Energien.pdf:application/pdf},
}

@book{andersson_modelling_2008,
	location = {Zürich},
	title = {Modelling and Analysis of Electric Power Systems, Lecture 227-0526-00, {ITET} {ETH} Zürich},
	publisher = {{ETH} Zürich, {EEH} - Power Systems Laboratory},
	author = {Andersson, Göran},
	urldate = {2021-03-26},
	date = {2008},
	file = {modelling_hs08_script_02.pdf:/home/max/Zotero/storage/5XJGUUXT/modelling_hs08_script_02.pdf:application/pdf},
}

@report{noauthor_mitteilung_2019,
	location = {Brüssel},
	title = {{MITTEILUNG} {DER} {KOMMISSION} {AN} {DAS} {EUROPÄISCHE} {PARLAMENT}, {DEN} {EUROPÄISCHEN} {RAT}, {DEN} {RAT}, {DEN} {EUROPÄISCHEN} {WIRTSCHAFTS}- {UND} {SOZIALAUSSCHUSS} {UND} {DEN} {AUSSCHUSS} {DER} {REGIONEN} Der europäische Grüne Deal},
	date = {2019},
	langid = {german},
	file = {cellar%3Ab828d165-1c22-11ea-8c1f-01aa75ed71a1.0021.02%2FDOC_1.pdf:/home/max/Zotero/storage/ZNZP8YVA/cellar%3Ab828d165-1c22-11ea-8c1f-01aa75ed71a1.0021.02%2FDOC_1.pdf:application/pdf},
}

@report{european_comission_clean_2019,
	location = {kein Ort},
	title = {Clean Energy - The european green deal},
	author = {European Comission},
	date = {2019},
	note = {{ISBN} 978-92-76-13951-5},
	file = {Clean_energy_en.pdf.pdf:/home/max/Zotero/storage/KN8R8SM6/Clean_energy_en.pdf.pdf:application/pdf},
}

@report{anderl_klimaschutzbericht_2019,
	location = {Wien},
	title = {Klimaschutzbericht 2019},
	number = {E.},
	institution = {Umweltbundesamt},
	author = {Anderl, M. and Geiger, K. and Gugele, B. and Gössl, M. and Haider, S. and Heller, C. and Ibesich, N. and Köther, T. and Krutzler, T. and Kuschel, V and Lampert, C. and Neider, H. and Pazdernik, K. and Perl, D. and Poupa, S. and Purzner, M. and Rigler, E. and Schieder, W. and Schmidt, G. and Schodl, B. and Svehla-Stix, S. and Storch, A. and Stranner, G. and Vogl, J. and Wiesenberger, H. and Zechmeister, A.},
	date = {2019},
	note = {{ISBN} 978-3-99004-522-0},
	file = {REP0702-2.pdf:/home/max/Zotero/storage/ETGKNA6J/REP0702-2.pdf:application/pdf},
}

@article{pfenninger_dealing_2017,
	title = {Dealing with multiple decades of hourly wind and {PV} time series in energy models: A comparison of methods to reduce time resolution and the planning implications of inter-annual variability},
	volume = {197},
	issn = {03062619},
	url = {https://linkinghub.elsevier.com/retrieve/pii/S0306261917302775},
	doi = {10.1016/j.apenergy.2017.03.051},
	shorttitle = {Dealing with multiple decades of hourly wind and {PV} time series in energy models},
	abstract = {Using a high-resolution planning model of the Great Britain power system and 25 years of simulated wind and {PV} generation data, this study compares different methods to reduce time resolution of energy models to increase their computational tractability: downsampling, clustering, and heuristics. By comparing model results in terms of costs and installed capacities across different methods, this study shows that the best method depends heavily on input data and the setup of model constraints. This implies that there is no one-size-ﬁts-all approach to the problem of time step reduction, but heuristic approaches appear promising. In addition, the 25 years of time series demonstrate considerable inter-year variability in wind and {PV} power output. This further complicates the problem of time detail in energy models as it suggests long time series are necessary. Model results with high shares of {PV} and wind generation using a single or few years of data are likely unreliable. Better modeling and planning methods are required to determine robust scenarios with high shares of variable renewables. The methods are implemented in the freely available open-source modeling framework Calliope.},
	pages = {1--13},
	journaltitle = {Applied Energy},
	shortjournal = {Applied Energy},
	author = {Pfenninger, Stefan},
	urldate = {2021-01-09},
	date = {2017-07},
	langid = {english},
	keywords = {Programmierung, Downscaling, Modellierung Stromnetz},
	file = {Pfenninger - 2017 - Dealing with multiple decades of hourly wind and P.pdf:/home/max/Zotero/storage/56V5A7M7/Pfenninger - 2017 - Dealing with multiple decades of hourly wind and P.pdf:application/pdf},
}

@article{pinel_clustering_2020,
	title = {Clustering methods assessment for investment in zero emission neighborhoods’ energy system},
	volume = {121},
	issn = {01420615},
	url = {https://linkinghub.elsevier.com/retrieve/pii/S014206151932561X},
	doi = {10.1016/j.ijepes.2020.106088},
	abstract = {This paper investigates the use of clustering in the context of designing the energy system of Zero Emission Neighborhoods ({ZEN}). {ZENs} are neighborhoods who aim to have net zero emissions during their lifetime. While previous work has used and studied clustering for designing the energy system of neighborhoods, no article dealt with neighborhoods such as {ZEN}, which have high requirements for the solar irradiance time series, include a {CO}2 factor time series and have a zero emission balance limiting the possibilities. To this end several methods are used and their results compared. The results are on the one hand the performances of the clustering itself and on the other hand, the performances of each method in the optimization model where the data is used. Various aspects related to the clustering methods are tested. The different aspects studied are: the goal (clustering to obtain days or hours), the algorithm (k-means or k-medoids), the normalization method (based on the standard deviation or range of values) and the use of heuristic. The results highlight that k-means offers better results than k-medoids and that k-means was systematically underestimating the objective value while k-medoids was constantly overestimating it. When the choice between clustering days and hours is possible, it appears that clustering days offers the best precision and solving time. The choice depends on the formulation used for the optimization model and the need to model seasonal storage. The choice of the normalization method has the least impact, but the range of values method show some advantages in terms of solving time. When a good representation of the solar irradiance time series is needed, a higher number of days or using hours is necessary. The choice depends on what solving time is acceptable.},
	pages = {106088},
	journaltitle = {International Journal of Electrical Power \& Energy Systems},
	shortjournal = {International Journal of Electrical Power \& Energy Systems},
	author = {Pinel, Dimitri},
	urldate = {2021-01-09},
	date = {2020},
	langid = {english},
	keywords = {Programmierung, Downscaling, Modellierung Stromnetz},
	file = {Pinel - 2020 - Clustering methods assessment for investment in ze.pdf:/home/max/Zotero/storage/NJU2ZNC3/Pinel - 2020 - Clustering methods assessment for investment in ze.pdf:application/pdf},
}

@article{beltrami_where_2020,
	title = {Where did the time (series) go? Estimation of marginal emission factors with autoregressive components},
	issn = {01409883},
	url = {https://linkinghub.elsevier.com/retrieve/pii/S0140988320303674},
	doi = {10.1016/j.eneco.2020.105027},
	shorttitle = {Where did the time (series) go?},
	pages = {5},
	journaltitle = {Energy Economics},
	shortjournal = {Energy Economics},
	author = {Beltrami, Filippo and Burlinson, Andrew and Giulietti, Monica and Grossi, Luigi and Rowley, Paul and Wilson, Grant},
	urldate = {2021-01-09},
	date = {2020},
	langid = {english},
	keywords = {Hintergrundinformation, Modellierung Stromnetz},
	file = {Beltrami et al. - 2020 - Where did the time (series) go Estimation of marg.pdf:/home/max/Zotero/storage/ZDCPM6RK/Beltrami et al. - 2020 - Where did the time (series) go Estimation of marg.pdf:application/pdf},
}

@article{brown_pypsa_2018,
	title = {{PyPSA}: Python for Power System Analysis},
	volume = {6},
	issn = {2049-9647},
	url = {http://openresearchsoftware.metajnl.com/articles/10.5334/jors.188/},
	doi = {10.5334/jors.188},
	pages = {4},
	journaltitle = {Journal of Open Research Software},
	author = {Brown, Tom and Hörsch, Jonas and Schlachtberger, David},
	urldate = {2021-01-09},
	date = {2018},
	langid = {english},
	keywords = {Programmierung, Modellierung Stromnetz, {PyPSA} documentation, ausdrucken},
	file = {Brown et al. - 2018 - PyPSA Python for Power System Analysis.pdf:/home/max/Zotero/storage/K9WKBI32/Brown et al. - 2018 - PyPSA Python for Power System Analysis.pdf:application/pdf},
}

@article{schneider_uberlegungen_2020,
	title = {Ü{BERLEGUNGEN} {ZUR} {FRAGE}, {WELCHER} {ANTEIL} {ERNEUERBARER} {ENERGIE} 2050 {IN} Ö{STERREICH} {LOKAL} {AUFGEBRACHT} {WERDEN} {MUSS}},
	pages = {10},
	author = {Schneider, Simon and Zelger, Thomas and Klauda, Lisa},
	date = {2020},
	langid = {german},
	keywords = {Szenarienbildung},
	file = {Schneider et al. - ÜBERLEGUNGEN ZUR FRAGE, WELCHER ANTEIL ERNEUERBARE.pdf:/home/max/Zotero/storage/KBI5UKNG/Schneider et al. - ÜBERLEGUNGEN ZUR FRAGE, WELCHER ANTEIL ERNEUERBARE.pdf:application/pdf},
}

@report{streicher_energieautarkie_2010,
	title = {Energieautarkie für Österreich 2050},
	url = {https://www.klimafonds.gv.at/wp-content/uploads/sites/6/Energieautarkie205012pt20110308Final.pdf},
	pages = {141},
	type = {Endbericht},
	author = {Streicher, Wolfgang and Schnitzer, Hans and Titz, Michaela and Graz, {TU} and Haas, Reinhard and Kalt, Gerald and Wien, {TU} and Damm, Andrea and Steininger, Karl and Oblasser, Stephan and Tirol, Landesenergiebeauftragter and Cerveny, Michael and Veigl, Andreas and Kaltschmitt, Martin and Hamburg-Harburg, Universität},
	urldate = {2021-01-09},
	date = {2010},
	langid = {german},
	keywords = {Klimamodelle, Szenarienbildung},
	file = {Streicher et al. - Feasibility Study Endbericht.pdf:/home/max/Zotero/storage/SPNG73HG/Streicher et al. - Feasibility Study Endbericht.pdf:application/pdf},
}

@book{bastian_analyse_1999,
	title = {Analyse und ökologische Bewertung der Landschaft},
	pagetotal = {564},
	author = {Bastian, Olaf},
	date = {1999-01-01},
	file = {Bastian - 1999 - Analyse und ökologische Bewertung der Landschaft.pdf:/home/max/Zotero/storage/KS7DKBHS/Bastian - 1999 - Analyse und ökologische Bewertung der Landschaft.pdf:application/pdf},
}

@article{horsch_pypsa-eur_2018,
	title = {{PyPSA}-Eur: An Open Optimisation Model of the European Transmission System},
	volume = {22},
	issn = {2211467X},
	url = {http://arxiv.org/abs/1806.01613},
	doi = {10.1016/j.esr.2018.08.012},
	shorttitle = {{PyPSA}-Eur},
	abstract = {{PyPSA}-Eur, the ﬁrst open model dataset of the European power system at the transmission network level to cover the full {ENTSO}-E area, is presented. It contains 6001 lines (alternating current lines at and above 220 {kV} voltage level and all high voltage direct current lines), 3657 substations, a new open database of conventional power plants, time series for electrical demand and variable renewable generator availability, and geographic potentials for the expansion of wind and solar power. The model is suitable both for operational studies and generation and transmission expansion planning studies. The continental scope and highly resolved spatial scale enables a proper description of the long-range smoothing eﬀects for renewable power generation and their varying resource availability. The restriction to freely available and open data encourages the open exchange of model data developments and eases the comparison of model results. A further novelty of the dataset is the publication of the full, automated software pipeline to assemble the load-ﬂow-ready model from the original datasets, which enables easy replacement and improvement of the individual parts. This paper focuses on the description of the network topology, the compilation of a European power plant database and a top-down load timeseries regionalisation. It summarises the derivation of renewable wind and solar availability time-series from re-analysis weather datasets and the estimation of renewable capacity potentials restricted by land-use. Finally, validations of the dataset are presented, including a new methodology to compare geo-referenced network datasets to one another.},
	pages = {207--215},
	journaltitle = {Energy Strategy Reviews},
	shortjournal = {Energy Strategy Reviews},
	author = {Hörsch, Jonas and Hofmann, Fabian and Schlachtberger, David and Brown, Tom},
	urldate = {2021-01-08},
	date = {2018},
	langid = {english},
	eprinttype = {arxiv},
	eprint = {1806.01613},
	keywords = {Programmierung, Modellierung Stromnetz, {PyPSA} documentation, ausdrucken},
	file = {Hörsch et al. - 2018 - PyPSA-Eur An Open Optimisation Model of the Europ.pdf:/home/max/Zotero/storage/FGQIAN77/Hörsch et al. - 2018 - PyPSA-Eur An Open Optimisation Model of the Europ.pdf:application/pdf},
}

@report{bundeskanzleramt_osterreich_aus_2020,
	location = {Wien},
	title = {Aus Verantwortung für Österreich. – Regierungsprogramm 2020–2024},
	url = {https://www.bundeskanzleramt.gv.at/bundeskanzleramt/die-bundesregierung/regierungsdokumente.html},
	abstract = {Regierungsprogramm Ö{VP}-Grüne},
	institution = {Bundeskanzleramt Österreich},
	author = {Bundeskanzleramt Österreich},
	urldate = {2021-01-07},
	date = {2020},
	langid = {german},
	keywords = {Klimamodelle, Strommarkt {AUT}, Szenarienbildung},
	file = {Aus Verantwortung für Österreich. – Regierungsprog.pdf:/home/max/Zotero/storage/K9SSNKRH/Aus Verantwortung für Österreich. – Regierungsprog.pdf:application/pdf},
}

@legislation{noauthor_erneuerbaren-ausbau-gesetz_nodate,
	title = {Erneuerbaren-Ausbau-Gesetz},
	shorttitle = {{EAG}},
	pages = {89},
	urldate = {2021-01-07},
	langid = {german},
	file = {XXVII_ME_58_2_Gesetzestext.pdf:/home/max/Zotero/storage/X6H8JX46/XXVII_ME_58_2_Gesetzestext.pdf:application/pdf},
}

@report{bundesministerium_fur_klimaschutz_umwelt_energie_mobilitat_innovation_und_technologie_58me_2020,
	location = {Wien},
	title = {58/{ME} {XXVII}. {GP} - Ministerialentwurf - Vorblatt und Wirkungsorientierte Folgenabschätzung},
	url = {https://www.parlament.gv.at/PAKT/VHG/XXVII/ME/ME_00058/index.shtml#tab-Uebersicht},
	institution = {Bundesministerium für Klimaschutz, Umwelt, Energie, Mobilität, Innovation und Technologie},
	author = {Bundesministerium für Klimaschutz, Umwelt, Energie, Mobilität, Innovation und Technologie},
	urldate = {2020-01-07},
	date = {2020},
	keywords = {Szenarienbildung},
	file = {XXVII_ME_58_3_Materialien.pdf:/home/max/Zotero/storage/W443E7BB/XXVII_ME_58_3_Materialien.pdf:application/pdf},
}

@article{bundesministerium_fur_nachhaltigkeit_und_tourismus_integrierter_2019,
	title = {Integrierter nationaler Energie- und Klimaplan für Österreich},
	pages = {272},
	author = {Bundesministerium für Nachhaltigkeit und Tourismus},
	date = {2019},
	langid = {german},
	file = {Lamport - Integrierter nationaler Energie- und Klimaplan für.pdf:/home/max/Zotero/storage/VCB72EVL/Lamport - Integrierter nationaler Energie- und Klimaplan für.pdf:application/pdf},
}

@inproceedings{kirchengast_referenzplan_2019,
	location = {Wien, Graz},
	title = {Referenzplan als Grundlage für einen wissenschaftlich fundierten und mit den Pariser Klimazielen in Einklang stehenden Nationalen Energie- und Klimaplan für Österreich (Ref-{NEKP}) — Gesamtband},
	volume = {Gesamtband},
	isbn = {978-3-7001-8497-3},
	eventtitle = {{CCCA}},
	publisher = {Verlag der Ö{AW}},
	author = {Kirchengast, G. and Kromp-Kolb, H. and Steininger, K. and Stagl, S. and Kirchner, M. and Ambach, Ch. and Grohs, J. and Gutsohn, A. and Peisker, J. and Strunk, B.},
	date = {2019},
	keywords = {Klimamodelle, Szenarienbildung, Ref\_NEKP},
	file = {Ref-NEKP_Gesamtband_Nov2019_VerlOeAW.pdf:/home/max/Zotero/storage/IGMZQUUU/Ref-NEKP_Gesamtband_Nov2019_VerlOeAW.pdf:application/pdf},
}

@inproceedings{commission_for_interdisciplinary_ecological_studies_kioes_referenzplan_2019,
	location = {Wien},
	title = {Referenzplan als Grundlage für einen wissenschaftlich fundierten und mit den Pariser Klimazielen in Einklang stehenden Nationalen Energie- und Klimaplan für Österreich (Ref-{NEKP}) Vision 2050 und Umsetzungspfade: Österreich im Einklang mit den Pariser Klimazielen und der Weg dorthin},
	isbn = {978-3-7001-8497-3},
	url = {https://ccca.ac.at/fileadmin/00_DokumenteHauptmenue/03_Aktivitaeten/UniNEtZ_SDG13/RefNEKP/Ref-NEKP_VisionUmsetzungspfade_Nov2019_VerlOeAW.pdf},
	eventtitle = {Ref-{NEKP}},
	publisher = {Verlag der Österreichischen Akademie der Wissenschaften},
	editor = {{Commission for Interdisciplinary Ecological Studies (KIOES)}},
	date = {2019},
	langid = {german},
	keywords = {Klimamodelle, Szenarienbildung, Ref\_NEKP},
	file = {Commission for Interdisciplinary Ecological Studies (KIOES) - 2020 - [No title found].pdf:/home/max/Zotero/storage/ZZI92PM4/Commission for Interdisciplinary Ecological Studies (KIOES) - 2020 - [No title found].pdf:application/pdf},
}

@inproceedings{commission_for_interdisciplinary_ecological_studies_kioes_referenzplan_2020,
	location = {Wien, Graz},
	title = {Referenzplan als Grundlage für einen wissenschaftlich fundierten und mit den Pariser Klimazielen in Einklang stehenden Nationalen Energie- und Klimaplan für Österreich (Ref-{NEKP}) — Executive Summary,},
	isbn = {978-3-7001-8497-3},
	eventtitle = {Ref-{NEKP}},
	publisher = {Verlag der Österreichischen Akademie der Wissenschaften},
	editor = {{Commission for Interdisciplinary Ecological Studies (KIOES)}},
	date = {2020},
	langid = {german},
	keywords = {Klimamodelle, Szenarienbildung, Ref\_NEKP},
	file = {Commission for Interdisciplinary Ecological Studies (KIOES) - 2020 - [No title found].pdf:/home/max/Zotero/storage/6VHJYP83/Commission for Interdisciplinary Ecological Studies (KIOES) - 2020 - [No title found].pdf:application/pdf},
}

@online{brown_pypsa_2020,
	title = {{PyPSA}: Python for Power System Analysis},
	url = {https://pypsa.readthedocs.io/en/latest/index.html},
	abstract = {Documentation of {PyPSA}},
	type = {documentation},
	author = {Brown, T. and Hoersch, J. and Hofmann, F. and Neumann, F. and Schlachtberger, D.},
	date = {2020-01-07},
	keywords = {Programmierung, Modellierung Stromnetz, {PyPSA} documentation},
}

@report{frohlich_modellbasierte_2013,
	location = {Oberhausen (u.a.)},
	title = {Modellbasierte, regional aufgelöste Analyse des Bedarfs an netzgekoppelten elektrischen Energiespeichern zum Ausgleich fluktuierender Energien},
	url = {http://publica.fraunhofer.de/documents/N-297916.html},
	abstract = {Projektteil {AST}: Bedarfsanalyse Energiespeicher - Netztypisierung und Netzsimulation},
	institution = {Frauenhofer {UMSICHT}, {IOSB}/{AST}},
	author = {Fröhlich, T. and Beier, C. and Bretschneider, P.},
	urldate = {2020-01-07},
	date = {2013},
	keywords = {mathematische Grundlagenliteratur, Modellierung Stromnetz, Speicherintegration},
	file = {urn_nbn_de_0011-n-2979162.pdf:/home/max/Zotero/storage/EIZ8NL4S/urn_nbn_de_0011-n-2979162.pdf:application/pdf},
}

@book{heuck_elektrische_2010,
	location = {Wiesbaden},
	edition = {8., überarb. u. aktualisierte Aufl..},
	title = {Elektrische Energieversorgung : Erzeugung, Übertragung und Verteilung elektrischer Energie für Studium und Praxis},
	isbn = {978-3-8348-0736-6},
	url = {https://ubdata.univie.ac.at/AC08207632},
	series = {Studium},
	abstract = {Literaturverz. S. 762 - 770},
	pagetotal = {{XXIII}, 783 S., Ill., graph. Darst., 24 cm},
	publisher = {Vieweg + Teubner},
	author = {Heuck, Klaus and Dettmann, Klaus-Dieter and Schulz, Detlef},
	date = {2010},
	keywords = {mathematische Grundlagenliteratur, Modellierung Stromnetz, Elektrische Energietechnik, Elektrizitätserzeugung},
}

@book{spring_elektrische_2003,
	location = {Berlin [u.a.]},
	title = {Elektrische Energienetze  : Energieübertragung und -verteilung},
	isbn = {3-8007-2523-1},
	url = {https://permalink.catalogplus.tuwien.at/AC03862246},
	abstract = {Literaturverz. S. 465 - 470},
	pagetotal = {475 S., graph. Darst., 22 cm},
	publisher = {Berlin [u.a.] : {VDE}-Verl.},
	author = {Spring, Eckhard},
	date = {2003},
	note = {Issue: {ISBN} 3800725231
Journal Abbreviation: Elektrische {EnergienetzeM}
Publication Title: Elektrische {EnergienetzeM}},
	keywords = {mathematische Grundlagenliteratur, Modellierung Stromnetz, Verbundnetz},
}

@thesis{kaufmann_modellierung_2016,
	location = {Wien},
	title = {Modellierung und Simulation von urbanen Stromversorgungsnetzen in einem muliskalaren Gesamtmodell},
	url = {https://repositum.tuwien.at/retrieve/32674},
	institution = {Technische Universität Wien},
	type = {phdthesis},
	author = {Kaufmann, T.},
	date = {2016},
	keywords = {mathematische Grundlagenliteratur, Modellierung Stromnetz},
	file = {32674.pdf:/home/max/Zotero/storage/TX965RDY/32674.pdf:application/pdf},
}

@inreference{karall_verfassen_nodate,
	title = {Das Verfassen wissenschaftlicher Arbeiten},
	url = {https://www.univie.ac.at/ksa/elearning/cp/schreiben/schreiben-full.html},
	series = {Institut für Kultur- und Sozialanthropologie der Universität Wien},
	author = {Karall, P. and Weikert, H.},
}

@article{sidali_semi-transparent_2018,
	title = {Semi-transparent photovoltaic glazing based on electrodeposited {CIGS} solar cells on patterned molybdenum/glass substrates},
	volume = {9},
	issn = {2105-0716},
	url = {https://www.epj-pv.org/10.1051/epjpv/2017009},
	doi = {10.1051/epjpv/2017009},
	abstract = {In this paper, a new way of preparing semi-transparent solar cells using Cu(In1{ÀxGax})Se2 ({CIGS}) chalcopyrite semiconductors as absorbers for {BIPV} applications is presented. The key to the elaboration process consists in the co-electrodeposition of Cu-In-Ga mixed oxides on submillimetric hole-patterned molybdenum substrate, followed by thermal reduction to metallic alloys and selenisation. This method has the advantage of being a selective deposition technique where the thin ﬁlm growth is carried out only on Mo covered areas. Thus, after annealing, the transparency of the sample is always preserved, allowing light to pass through the device. A complete device (5 Â 5 cm2) with 535 mm diameter holes and total glass aperture of around 35\% shows an open circuit voltage ({VOC}) of 400 {mV}. Locally, the I-V curves reveal a maximum efﬁciency of 7.7\%, {VOC} of 460 {mV}, {JSC} of 24 {mA}.{cmÀ}2 in an area of 0.1 cm2 with 35\% aperture. This efﬁciency on the semi-transparent area is equivalent to a record efﬁciency of 11.9\% by taking into account only the effective area.},
	pages = {2},
	journaltitle = {{EPJ} Photovoltaics},
	shortjournal = {{EPJ} Photovolt.},
	author = {Sidali, Tarik and Bou, Adrien and Coutancier, Damien and Chassaing, Elisabeth and Theys, Bertrand and Barakel, Damien and Garuz, Richard and Thoulon, Pierre-Yves and Lincot, Daniel},
	editor = {Lazzari, J.L.},
	urldate = {2021-01-05},
	date = {2018},
	langid = {english},
	file = {Sidali et al. - 2018 - Semi-transparent photovoltaic glazing based on ele.pdf:/home/max/Zotero/storage/2V2UJR6S/Sidali et al. - 2018 - Semi-transparent photovoltaic glazing based on ele.pdf:application/pdf},
}

@book{zechmeister_klimaschutzbericht_2019,
	location = {Wien},
	title = {Klimaschutzbericht 2019},
	isbn = {978-3-99004-522-0},
	url = {https://www.umweltbundesamt.at/fileadmin/site/publikationen/REP0702.pdf},
	publisher = {umweltbundesamt},
	author = {Zechmeister, Andreas},
	date = {2019},
	langid = {german},
	file = {Zechmeister - Klimaschutzbericht 2019.pdf:/home/max/Zotero/storage/MBQ9NVIQ/Zechmeister - Klimaschutzbericht 2019.pdf:application/pdf},
}

@article{rodriguez_transmission_2014,
	title = {Transmission needs across a fully renewable European power system},
	volume = {63},
	issn = {09601481},
	url = {https://linkinghub.elsevier.com/retrieve/pii/S0960148113005351},
	doi = {10.1016/j.renene.2013.10.005},
	abstract = {The residual load and excess power generation of 30 European countries with a 100\% penetration of variable renewable energy sources are explored in order to quantify the beneﬁt of power transmission between countries. Estimates are based on extensive weather data, which allows for modelling of hourly mismatches between the demand and renewable generation from wind and solar photovoltaics. For separated countries, balancing is required to cover around 24\% of the total annual electricity consumption. This number can be reduced down to 15\% once all countries are networked together with unconstrained interconnectors. The reduction represents the maximum possible beneﬁt of transmission for the countries. The total Net Transfer Capacity of the unconstrained interconnectors is roughly 11.5 times larger than current values. However, constrained interconnector capacities 5.7 times larger than the current values are found to provide 98\% of the maximum possible beneﬁt of transmission. This motivates a detailed investigation of several constrained transmission capacity layouts to determine the export and import capabilities of countries participating in a fully renewable European electricity system. Ó 2013 Elsevier Ltd. All rights reserved.},
	pages = {467--476},
	journaltitle = {Renewable Energy},
	shortjournal = {Renewable Energy},
	author = {Rodríguez, Rolando A. and Becker, Sarah and Andresen, Gorm B. and Heide, Dominik and Greiner, Martin},
	urldate = {2021-03-05},
	date = {2014-03},
	langid = {english},
	keywords = {Szenarienbildung, Verbundnetz},
	file = {Rodríguez et al. - 2014 - Transmission needs across a fully renewable Europe.pdf:/home/max/Zotero/storage/CEZW2VTW/Rodríguez et al. - 2014 - Transmission needs across a fully renewable Europe.pdf:application/pdf},
}

@misc{noauthor_statistische_nodate,
	title = {Statistische Netzdaten},
	abstract = {Statistische Netzdaten der {APG} von 220 {kV} und 380kV Leitungen in Österreich
mit physikalischen Daten im {PDF}-Format},
	keywords = {Strommarkt {AUT}, Modellierung Stromnetz},
	file = {Statisches Netzmodell APG.pdf:/home/max/Zotero/storage/LARYDCVI/Statisches Netzmodell APG.pdf:application/pdf},
}

@book{jizhong_optimization_2015,
	location = {Hoboken},
	edition = {2},
	title = {Optimization of Power System Operation},
	url = {http://onlinelibrary.wiley.com/doi/10.1002/9781118887004},
	series = {{IEEE} Press},
	publisher = {John Wiley \& Sons, Ltd},
	author = {Jizhong, Zhu},
	urldate = {2021-03-22},
	date = {2015},
	doi = {10.1002/9781118887004},
	note = {\_eprint: https://onlinelibrary.wiley.com/doi/pdf/10.1002/9781118887004},
	keywords = {mathematische Grundlagenliteratur, Modellierung Stromnetz},
	file = {Snapshot:/home/max/Zotero/storage/Z43H8QCZ/9781118887004.html:text/html;2015 - Optimization of Power System Operation.pdf:/home/max/Zotero/storage/8B9PUBFQ/2015 - Optimization of Power System Operation.pdf:application/pdf},
}

@article{horsch_linear_2018,
	title = {Linear Optimal Power Flow Using Cycle Flows},
	volume = {158},
	issn = {03787796},
	url = {http://arxiv.org/abs/1704.01881},
	doi = {10.1016/j.epsr.2017.12.034},
	abstract = {Linear optimal power ﬂow ({LOPF}) algorithms use a linearization of the alternating current ({AC}) load ﬂow equations to optimize generator dispatch in a network subject to the loading constraints of the network branches. Common algorithms use the voltage angles at the buses as optimization variables, but alternatives can be computationally advantageous. In this article we provide a review of existing methods and describe a new formulation that expresses the loading constraints directly in terms of the ﬂows themselves, using a decomposition of the network graph into a spanning tree and closed cycles. We provide a comprehensive study of the computational performance of the various formulations, in settings that include computationally challenging applications such as multi-period {LOPF} with storage dispatch and generation capacity expansion. We show that the new formulation of the {LOPF} solves up to 7 times faster than the angle formulation using a commercial linear programming solver, while another existing cycle-based formulation solves up to 20 times faster, with an average speed-up of factor 3 for the standard networks considered here. If generation capacities are also optimized, the average speed-up rises to a factor of 12, reaching up to factor 213 in a particular instance. The speed-up is largest for networks with many buses and decentral generators throughout the network, which is highly relevant given the rise of distributed renewable generation and the computational challenge of operation and planning in such networks.},
	pages = {126--135},
	journaltitle = {Electric Power Systems Research},
	shortjournal = {Electric Power Systems Research},
	author = {Hörsch, Jonas and Ronellenfitsch, Henrik and Witthaut, Dirk and Brown, Tom},
	urldate = {2021-03-23},
	date = {2018-05},
	langid = {english},
	eprinttype = {arxiv},
	eprint = {1704.01881},
	keywords = {Existenz/Genauigkeit, Modellierung Stromnetz, Electrical Engineering and Systems Science - Systems and Control, Lösungs-Formulierungen},
	file = {Hörsch et al. - 2018 - Linear Optimal Power Flow Using Cycle Flows.pdf:/home/max/Zotero/storage/TFYZL3UQ/Hörsch et al. - 2018 - Linear Optimal Power Flow Using Cycle Flows.pdf:application/pdf},
}

@book{klein_numerisches_2019,
	title = {Numerisches Python: Arbeiten mit {NumPy}, {SciPy}, Matplotlib und Pandas},
	isbn = {978-3-446-45076-9},
	shorttitle = {Numerisches Python},
	author = {Klein, Bernd},
	date = {2019},
	langid = {german},
	note = {{OCLC}: 1105603921},
	keywords = {Programmierung, Modellierung Stromnetz},
	file = {Klein - 2019 - Numerisches Python Arbeiten mit NumPy, SciPy, Mat.pdf:/home/max/Zotero/storage/HI265UNU/Klein - 2019 - Numerisches Python Arbeiten mit NumPy, SciPy, Mat.pdf:application/pdf},
}

@article{schieritz_klimaschutz_2021,
	location = {Hamburg},
	title = {Klimaschutz: Hier gibt's was umsonst!},
	issn = {0044-2070},
	url = {https://www.zeit.de/wirtschaft/2021-03/klimaschutz-kosten-wirtschaft-finanzierung-schulden-mckinsey-studie/seite-2},
	shorttitle = {Klimaschutz},
	abstract = {Die nächste Bundesregierung wird ein Geldproblem haben. Neue Studien aber zeigen: Der Kampf gegen den Klimawandel kann zum Gewinngeschäft werden. Worauf warten wir noch?},
	journaltitle = {Die Zeit},
	author = {Schieritz, Mark},
	urldate = {2021-03-29},
	date = {2021-03-24},
	langid = {german},
	keywords = {Bundesregierung, Klimaschutz, Klimawandel, {McKinsey}, Ökostrom},
	file = {Snapshot:/home/max/Zotero/storage/G96E3RNT/komplettansicht.html:text/html},
}

@article{noauthor_gurobi_nodate,
	title = {Gurobi Optimizer Quick Start Guide},
	pages = {95},
	langid = {english},
	keywords = {Programmierung, Modellierung Stromnetz},
	file = {Gurobi Optimizer Quick Start Guide.pdf:/home/max/Zotero/storage/Z53P3Q83/Gurobi Optimizer Quick Start Guide.pdf:application/pdf},
}

@report{heal_economic_2020,
	location = {Cambridge, {MA}},
	title = {Economic Aspects of the Energy Transition},
	url = {http://www.nber.org/papers/w27766.pdf},
	abstract = {I make three points relating to the transition from fossil fuels to non-carbon energy. One is that the economic cost of moving from fossil fuels to renewable energy in electricity generation is very low, and probably lower than many estimates of the economic benefits from this change. The second is that, if it were to move the economy away from fossil fuels and from oil in particular, a carbon tax would have to be much great than generally believed, in the range of \$400 per ton {CO}2 or above. Finally, decarbonization of the economy implies electrification, the replacement of fossil fuels by electricity in for example space heating. Currently electricity is far too expensive for this to be politically realistic: this is because its price does not reflect its marginal cost but this plus a wide range of fixed costs that are recovered in the per kilowatt hour charge. If we are to electrify the economy then the price of electricity will need to be nearer to its marginal cost, which raises questions about the business models of utilities.},
	pages = {w27766},
	number = {w27766},
	institution = {National Bureau of Economic Research},
	author = {Heal, Geoffrey},
	urldate = {2021-04-13},
	date = {2020-09},
	langid = {english},
	doi = {10.3386/w27766},
	keywords = {Klimapolitik, will ich noch lesen},
	file = {Heal - 2020 - Economic Aspects of the Energy Transition.pdf:/home/max/Zotero/storage/6TCM3NK8/Heal - 2020 - Economic Aspects of the Energy Transition.pdf:application/pdf},
}

@book{kegel_natur_nodate,
	title = {Die Natur der Zukunft},
	isbn = {978-3-8321-8138-3},
	abstract = {Tier-  und Pflanzenwelt in Zeiten des Klimawandels},
	author = {Kegel, Bernhard},
	keywords = {will ich noch lesen},
}

@article{arnold_treibhausgas-schnuffelnetz_2020,
	title = {Das Treibhausgas-Schnüffelnetz},
	volume = {51},
	issn = {1521-3943},
	url = {https://onlinelibrary.wiley.com/doi/abs/10.1002/piuz.201901554},
	doi = {https://doi.org/10.1002/piuz.201901554},
	abstract = {Zusammenfassung Das Integrated Carbon Observation System ({ICOS}) ist eine auf mindestens 20 Jahre ausgelegte europäische Forschungsinfrastruktur. Fertig ausgebaut, sollen mehr als 130 über Europa verteilte Stationen hochpräzise und zeitlich hochaufgelöste Treibhausgasmessungen bereitstellen. Ermöglicht wird dies zum einen durch extrem empfindliche Messtechniken, zum Beispiel Laserspektroskopie, zum anderen durch eine hohe Standardisierung der Messsysteme, der Erfassung und Auswertung der Daten sowie einer strengen Qualitätskontrolle und Qualitätssicherung. Basierend auf {ICOS}-Daten und mit geeigneten Inversionsmodellen sollen Veränderungen bei den Treibhausgasflüssen in Deutschland verfolgt werden. Damit wird der Erfolg von Maßnahmen zur Emissionsminderung von Treibhausgasen verifizierbar.},
	pages = {22--28},
	number = {1},
	journaltitle = {Physik in unserer Zeit},
	author = {Arnold, Sabrina and Lindauer, Matthias and Muller, Jennifer and Kubistin, Dagmar},
	urldate = {2021-04-26},
	date = {2020},
	langid = {german},
	note = {\_eprint: https://onlinelibrary.wiley.com/doi/pdf/10.1002/piuz.201901554},
	keywords = {Hintergrundinformation},
	file = {Snapshot:/home/max/Zotero/storage/6J4TKVA5/piuz.html:text/html;Full Text PDF:/home/max/Zotero/storage/7Y9EDNF3/Arnold et al. - 2020 - Das Treibhausgas-Schnüffelnetz.pdf:application/pdf},
}

@article{noauthor_energie_nodate,
	title = {Energie in Österreich 2020 - Zahlen, Daten, Fakten},
	pages = {48},
	langid = {german},
	keywords = {Hintergrundinformation, Strommarkt {AUT}},
	file = {Energie in Österreich 2020 - Zahlen, Daten, Fakten.pdf:/home/max/Zotero/storage/CLR6K6G8/Energie in Österreich 2020 - Zahlen, Daten, Fakten.pdf:application/pdf},
}

@article{kalt_energieszenario_2016,
	title = {Energieszenario für Österreich: Entwicklung von Energienachfrage und Energieaufbringung bis 2030},
	pages = {90},
	journaltitle = {Bundesministerium für wissenschaft, Forschung und Wirtschaft},
	author = {Kalt, Dr Gerald and Baumann, Dr. Martin and Eggler, {MSc}. {BA}, Lukas and Holzmann, Mag Angela and Pauritsch, {DI} Günter},
	date = {2016-06},
	langid = {german},
	keywords = {Hintergrundinformation, Strommarkt {AUT}},
	file = {Kalt - Lukas Eggler, MSc. BA Mag.a Angela Holzmann.pdf:/home/max/Zotero/storage/U4AQ5AW5/Kalt - Lukas Eggler, MSc. BA Mag.a Angela Holzmann.pdf:application/pdf},
}

@report{statista_strommarkt_nodate,
	title = {Strommarkt in Österreich},
	url = {https://de-1statista-1com-1l2m0mp2v0075.han.technikum-wien.at/statistik/studie/id/24097/dokument/strommarkt-in-oesterreich-statista-dossier/},
	abstract = {Statistiken über den Strommarkt/Erzeugung/Verbrauch in {AT}, unterschiedliche Quellen pro Abbildung},
	author = {statista},
	urldate = {2021-04-26},
	keywords = {Hintergrundinformation, Strommarkt {AUT}},
	file = {statista - Strommarkt in Österreich.pdf:/home/max/Zotero/storage/BGJ7P75D/statista - Strommarkt in Österreich.pdf:application/pdf},
}

@unpublished{fechner_vo_nodate,
	title = {{VO} Nuklearenergie und Begleitliteratur},
	author = {Fechner, Hubert},
	file = {2019 _VO Nuklearenergie.pdf:/home/max/Zotero/storage/AG7CNIDE/2019 _VO Nuklearenergie.pdf:application/pdf},
}

@article{wheeler_calculating_2008,
	title = {Calculating Carma: Global Estimation of Co2 Emissions from the Power Sector},
	issn = {1556-5068},
	url = {http://www.ssrn.com/abstract=1138690},
	doi = {10.2139/ssrn.1138690},
	shorttitle = {Calculating Carma},
	abstract = {This paper provides a detailed description and assessment of {CARMA} (Carbon Monitoring for Action), a database that reports {CO}2 emissions from the power sector. We built {CARMA} to assist the millions of concerned global citizens who can act to reduce carbon emissions once they have timely, accurate information about emissions sources. {CARMA} also lays the groundwork for the global monitoring system that will be necessary to ensure the credibility of any post-Kyoto carbon emissions limitation agreement. {CARMA} focuses on the power sector because it is the largest carbon dioxide emitter (26\% of the global total), and because power plants are much better-documented than many sources of carbon emissions. The {CARMA} database and website put anyone with web access a few keystrokes away from detailed knowledge about power plants and the companies that own and operate them. {CARMA} includes many aggregation tools, so it can be used for local, regional, national and international comparisons. The database also offers complete information about power plants and companies that do not emit carbon because they use non-fossil energy sources (nuclear, hydro, solar, wind, biofuels, geothermal, etc.). In this paper, we provide a description of {CARMA}’s methodology, an assessment of its strengths and weaknesses, and some tests of its accuracy across countries and at different geographical scales. While {CARMA} performs well in these tests, we recognize that it is far from perfect. We therefore extend the following invitation to any power plant or company that disputes our estimates: Provide us with better data, verified by an appropriate third party, and we will incorporate them in {CARMA}. .},
	journaltitle = {{SSRN} Electronic Journal},
	shortjournal = {{SSRN} Journal},
	author = {Wheeler, David and Ummel, Kevin},
	urldate = {2021-05-03},
	date = {2008},
	langid = {english},
	keywords = {Modellierung Stromnetz},
	file = {Wheeler und Ummel - 2008 - Calculating Carma Global Estimation of Co2 Emissi.pdf:/home/max/Zotero/storage/WFXWP6PL/Wheeler und Ummel - 2008 - Calculating Carma Global Estimation of Co2 Emissi.pdf:application/pdf},
}

@article{ummel_carma_2012,
	title = {Carma Revisited: An Updated Database of Carbon Dioxide Emissions from Power Plants Worldwide},
	issn = {1556-5068},
	url = {http://www.ssrn.com/abstract=2226505},
	doi = {10.2139/ssrn.2226505},
	shorttitle = {Carma Revisited},
	abstract = {The Carbon Monitoring for Action ({CARMA}) database provides information about the carbon dioxide emissions, electricity production, corporate ownership, and location of more than 60,000 power plants in over 200 countries. Originally launched in 2007, {CARMA} is provided freely to the public at www.carma. org and remains the only comprehensive data source of its kind. This paper documents the methodology underpinning {CARMA} v3.0, released in July, 2012. Comparison of {CARMA} model output with reported data highlights the general difficulty of precisely predicting annual electricity generation for a given plant and year. Estimating the rate at which a plant emits {CO}2 (per unit of electricity generated) generally faces fewer obstacles. Ultimately, greater disclosure of plant-specific data is needed to overcome these limitations, particularly in major emitting countries like China, Russia, and Japan. For any given plant in {CARMA} v3.0, it is estimated that the reported value is within 20 percent of the actual value in 85 percent of cases for {CO}2 intensity, 75 percent for annual {CO}2 emissions, and 45 percent for annual electricity generation. {CARMA}’s prediction models are shown to offer significantly better estimates than more naïve approaches to estimating plant-specific performance.},
	journaltitle = {{SSRN} Electronic Journal},
	shortjournal = {{SSRN} Journal},
	author = {Ummel, Kevin},
	urldate = {2021-05-03},
	date = {2012},
	langid = {english},
	file = {Ummel - 2012 - Carma Revisited An Updated Database of Carbon Dio.pdf:/home/max/Zotero/storage/5QKSM6C3/Ummel - 2012 - Carma Revisited An Updated Database of Carbon Dio.pdf:application/pdf},
}

@online{noauthor_performing_nodate,
	title = {Performing energy modelling exercises in a transparent way - The issue of data quality in power plant databases {\textbar} Elsevier Enhanced Reader},
	url = {https://reader.elsevier.com/reader/sd/pii/S2211467X18301056?token=2E16FB599CE667622BD422AB79AA27988960447487A90019493A3AB62251761380DD2B5DBFE6FFAE74756743B4A4D57B&originRegion=eu-west-1&originCreation=20210503073406},
	urldate = {2021-05-03},
	langid = {english},
	doi = {10.1016/j.esr.2018.11.004},
	file = {Snapshot:/home/max/Zotero/storage/IBQAS9HG/S2211467X18301056.html:text/html;Volltext:/home/max/Zotero/storage/A3YTNI6Z/Performing energy modelling exercises in a transpa.pdf:application/pdf},
}

@article{gotzens_performing_2019,
	title = {Performing energy modelling exercises in a transparent way - The issue of data quality in power plant databases},
	volume = {23},
	issn = {2211467X},
	url = {https://linkinghub.elsevier.com/retrieve/pii/S2211467X18301056},
	doi = {10.1016/j.esr.2018.11.004},
	abstract = {In energy modelling, open data and open source code can help enhance traceability and reproducibility of model exercises which contribute to facilitate controversial debates and improve policy advice. While the availability of open power plant databases increased in recent years, they often differ considerably from each other and their data quality has not been systematically compared to proprietary sources yet. Here, we introduce the pythonbased ‘powerplantmatching’ ({PPM}), an open source toolset for cleaning, standardizing and combining multiple power plant databases. We apply it once only with open databases and once with an additional proprietary database in order to discuss and elaborate the issue of data quality, by analysing capacities, countries, fuel types, geographic coordinates and commissioning years for conventional power plants. We find that a derived dataset purely based on open data is not yet on a par with one in which a proprietary database has been added to the matching, even though the statistical values for capacity matched to a large degree with both datasets. When commissioning years are needed for modelling purposes in the final dataset, the proprietary database helps crucially to increase the quality of the derived dataset.},
	pages = {1--12},
	journaltitle = {Energy Strategy Reviews},
	shortjournal = {Energy Strategy Reviews},
	author = {Gotzens, Fabian and Heinrichs, Heidi and Hörsch, Jonas and Hofmann, Fabian},
	urldate = {2021-05-03},
	date = {2019-01},
	langid = {english},
	file = {Gotzens et al. - 2019 - Performing energy modelling exercises in a transpa.pdf:/home/max/Zotero/storage/7QM3E9R3/Gotzens et al. - 2019 - Performing energy modelling exercises in a transpa.pdf:application/pdf},
}

@article{andresen_validation_2015,
	title = {Validation of Danish wind time series from a new global renewable energy atlas for energy system analysis},
	volume = {93},
	issn = {03605442},
	url = {https://linkinghub.elsevier.com/retrieve/pii/S0360544215012815},
	doi = {10.1016/j.energy.2015.09.071},
	abstract = {We present a new high-resolution global renewable energy atlas ({REatlas}) that can be used to calculate customised hourly time series of wind and solar {PV} power generation. In this paper, the atlas is applied to produce 32-year-long hourly model wind power time series for Denmark for each historical and future year between 1980 and 2035. These are calibrated and validated against real production data from the period 2000 to 2010. The high number of years allows us to discuss how the characteristics of Danish wind power generation varies between individual weather years. As an example, the annual energy production is found to vary by ±10\% from the average. Furthermore, we show how the production pattern change as small onshore turbines are gradually replaced by large onshore and offshore turbines. Finally, we compare our wind power time series for 2020 to corresponding data from a handful of Danish energy system models. The aim is to illustrate how current differences in model wind may result in signiﬁcant differences in technical and economical model predictions. These include up to 15\% differences in installed capacity and 40\% differences in system reserve requirements.},
	pages = {1074--1088},
	journaltitle = {Energy},
	shortjournal = {Energy},
	author = {Andresen, Gorm B. and Søndergaard, Anders A. and Greiner, Martin},
	urldate = {2021-05-03},
	date = {2015-12},
	langid = {english},
	file = {Andresen et al. - 2015 - Validation of Danish wind time series from a new g.pdf:/home/max/Zotero/storage/6QVI432E/Andresen et al. - 2015 - Validation of Danish wind time series from a new g.pdf:application/pdf},
}

@article{noauthor_renewable_nodate,
	title = {Renewable power generation costs in 2019},
	pages = {144},
	langid = {english},
	file = {Renewable power generation costs in 2019.pdf:/home/max/Zotero/storage/WWJ3GGG8/Renewable power generation costs in 2019.pdf:application/pdf},
}

@online{spiegel_erfolgreiche_nodate,
	title = {Erfolgreiche Klimaklage: Jetzt bloß kein Kulturkampf},
	url = {https://www.spiegel.de/politik/deutschland/erfolgreiche-klimaklage-jetzt-bloss-kein-kulturkampf-a-504b72f8-9951-44b2-bde8-f46f249fd3c9},
	shorttitle = {Erfolgreiche Klimaklage},
	abstract = {Das Bundesverfassungsgericht hat klargestellt: Wer jetzt nicht das Klima schützt, zerstört die Freiheit in Zukunft. Wer den Beschluss jetzt für Kulturkampf nutzt, auch.},
	author = {{SPIEGEL}, {DER}, Jonas Schaible},
	urldate = {2021-05-06},
	langid = {german},
	keywords = {Klimaleugner, Klimaklage},
	file = {Snapshot:/home/max/Zotero/storage/MU654VXV/erfolgreiche-klimaklage-jetzt-bloss-kein-kulturkampf-a-504b72f8-9951-44b2-bde8-f46f249fd3c9.html:text/html},
}

@unpublished{noauthor_statista_2021,
	title = {Statista presents: Smart Mobility},
	type = {Webinar},
	howpublished = {Webinar},
	note = {Data On Stage},
	date = {2021-05-19},
	file = {2021 - Statista presents Smart Mobility.pdf:/home/max/Zotero/storage/RR9T5IIA/2021 - Statista presents Smart Mobility.pdf:application/pdf},
}

@article{edenhofer_co2-bepreisung_2020,
	title = {{CO}2-Bepreisung: Mehr Klimaschutz mit mehr Gerechtigkeit},
	volume = {21},
	issn = {1468-2516, 1465-6493},
	url = {https://www.degruyter.com/document/doi/10.1515/pwp-2020-0001/html},
	doi = {10.1515/pwp-2020-0001},
	shorttitle = {Das Klimaschutzprogramm der Bundesregierung},
	abstract = {Zusammenfassung
            
              Das Klimaschutzgesetz hat einen Paradigmenwechsel eingeleitet: den Einstieg in eine {CO}
              2
              -Bepreisung als künftiges Leitinstrument der Klimapolitik. Auf den ersten Blick ist der {CO}
              2
              -Preis unter einer Fülle von Fördermaßnahmen und ordnungsrechtlichen Regelungen verschüttet, deren Wirksamkeit und Kosten höchst unsicher sind. Der {CO}
              2
              -Preis ist aber so angelegt, dass er langfristig das dominante Instrument einer europäisch harmonisierten Klimapolitik werden kann. Der angedeutete Paradigmenwechsel der deutschen Klimapolitik öffnet damit die Tür, die europäische und internationale Kooperation zu stärken. Dazu ist es aber notwendig, neben der europäischen auch die globale Klimapolitik neu auszurichten. Auch dort sollten sich die Verhandlungen statt auf nationale Mengenziele auf {CO}
              2
              -Preise konzentrieren. Die erforderliche Kooperation wird möglich, wenn die Regierungen Transferzahlungen strategisch und reziprok nutzen. So könnte die Effektivität der Klimapolitik erhöht werden und es ließen sich die entstehenden Verteilungskonflikte entschärfen.},
	pages = {4--18},
	number = {1},
	journaltitle = {Perspektiven der Wirtschaftspolitik},
	author = {Edenhofer, Ottmar and Kalkuhl, Matthias and Ockenfels, Axel},
	urldate = {2021-06-07},
	date = {2020-04-30},
	langid = {german},
	keywords = {Klimapolitik, {CO}2-Preis},
	file = {Edenhofer et al. - 2020 - Das Klimaschutzprogramm der Bundesregierung Eine .pdf:/home/max/Zotero/storage/7YN73FTQ/Edenhofer et al. - 2020 - Das Klimaschutzprogramm der Bundesregierung Eine .pdf:application/pdf},
}

@article{resch_-_nodate,
	title = {- Analyse der Erfordernisse und Konsequenzen eines ambitionierten Ausbaus erneuerbarer Energien},
	pages = {98},
	author = {Resch, Gustav and Burgholzer, Bettina and Totschnig, Gerhard and Lettner, Georg and Auer, Hans and Geipel, Jasper},
	langid = {german},
	keywords = {technisch Hauptliteratur, Modellierung Stromnetz, Szenarienbildung},
	file = {Resch et al. - - Analyse der Erfordernisse und Konsequenzen eines.pdf:/home/max/Zotero/storage/AMHRE5QS/Resch et al. - - Analyse der Erfordernisse und Konsequenzen eines.pdf:application/pdf},
}

@article{hermann_klimaschutz_nodate,
	title = {Klimaschutz im Stromsektor 2030 - Vergleich von Instrumenten zur Emissionsminderung},
	pages = {152},
	author = {Hermann, Hauke and Loreck, Charlotte and Ritter, David and Greiner, Benjamin and Keimeyer, Friedhelm and Cook, Vanessa and Bartelt, Nina and Bittner, Micha and Nailis, Dominic and Klinski, Dr Stefan},
	langid = {german},
	keywords = {Szenarienbildung, Szenarien Nachbarländer},
	file = {Hermann et al. - Klimaschutz im Stromsektor 2030 - Vergleich von In.pdf:/home/max/Zotero/storage/QP7V6FA4/Hermann et al. - Klimaschutz im Stromsektor 2030 - Vergleich von In.pdf:application/pdf},
}

@report{noauthor_integrated_2019,
	location = {Bratislava},
	title = {Integrated National Energy and Climate Plan for 2021 to 2030},
	url = {https://ec.europa.eu/energy/sites/ener/files/sk_final_necp_main_en.pdf},
	pages = {252},
	institution = {Slovak Ministry of Economy},
	date = {2019-12},
	keywords = {Szenarienbildung, Szenarien Nachbarländer},
	file = {sk_final_necp_main_en.pdf:/home/max/Zotero/storage/JJQQP4LE/sk_final_necp_main_en.pdf:application/pdf},
}

@article{veigl_energie-_nodate,
	title = {{ENERGIE}- {UND} {KLIMAZUKUNFT} Ö{STERREICH}: {SZENARIO} {FÜR} 2030 {UND} 2050},
	pages = {52},
	author = {Veigl, Andreas},
	langid = {german},
	file = {Veigl - ENERGIE- UND KLIMAZUKUNFT ÖSTERREICH SZENARIO FÜR.pdf:/home/max/Zotero/storage/UKRPUVGF/Veigl - ENERGIE- UND KLIMAZUKUNFT ÖSTERREICH SZENARIO FÜR.pdf:application/pdf},
}

@book{horsch_pypsa-eur_2018-1,
	title = {{PyPSA}-Eur: An Open Optimisation Model of the European Transmission System},
	shorttitle = {{PyPSA}-Eur},
	abstract = {{PyPSA}-Eur, the first open model dataset of the European power system at the transmission network level to cover the full {ENTSO}-E area, is presented. It contains 6001 lines (alternating current lines at and above 220kV voltage level and all high voltage direct current lines), 3657 substations, a new open database of conventional power plants, time series for electrical demand and variable renewable generator availability, and geographic potentials for the expansion of wind and solar power. The model is suitable both for operational studies and generation and transmission expansion planning studies. The continental scope and highly resolved spatial scale enables a proper description of the long-range smoothing effects for renewable power generation and their varying resource availability. The restriction to freely available and open data encourages the open exchange of model data developments and eases the comparison of model results. A further novelty of the dataset is the publication of the full, automated software pipeline to assemble the load-flow-ready model from the original datasets, which enables easy replacement and improvement of the individual parts. This paper focuses on the description of the network topology, the compilation of a European power plant database and a top-down load time-series regionalisation. It summarises the derivation of renewable wind and solar availability time-series from re-analysis weather datasets and the estimation of renewable capacity potentials restricted by land-use. Finally, validations of the dataset are presented, including a new methodology to compare geo-referenced network datasets to one another.},
	author = {Hörsch, Jonas and Hofmann, Fabian and Schlachtberger, David and Brown, Tom},
	date = {2018-06-05},
}

@article{candes_introduction_2008,
	title = {An Introduction To Compressive Sampling},
	volume = {25},
	issn = {1558-0792},
	doi = {10.1109/MSP.2007.914731},
	abstract = {Conventional approaches to sampling signals or images follow Shannon's theorem: the sampling rate must be at least twice the maximum frequency present in the signal (Nyquist rate). In the field of data conversion, standard analog-to-digital converter ({ADC}) technology implements the usual quantized Shannon representation - the signal is uniformly sampled at or above the Nyquist rate. This article surveys the theory of compressive sampling, also known as compressed sensing or {CS}, a novel sensing/sampling paradigm that goes against the common wisdom in data acquisition. {CS} theory asserts that one can recover certain signals and images from far fewer samples or measurements than traditional methods use.},
	pages = {21--30},
	number = {2},
	journaltitle = {{IEEE} Signal Processing Magazine},
	author = {Candes, Emmanuel J. and Wakin, Michael B.},
	date = {2008-03},
	note = {Conference Name: {IEEE} Signal Processing Magazine},
	keywords = {Frequency},
	file = {IEEE Xplore Full Text PDF:/home/max/Zotero/storage/5UHLSKSU/Candes und Wakin - 2008 - An Introduction To Compressive Sampling.pdf:application/pdf;IEEE Xplore Abstract Record:/home/max/Zotero/storage/EUE4R8XC/4472240.html:text/html},
}

@misc{illing_fourier_nodate,
	title = {Fourier Analysis},
	author = {Illing, Lucas},
	keywords = {Frequency},
	file = {Fourier.pdf:/home/max/Zotero/storage/F26BD2DK/Fourier.pdf:application/pdf},
}

@book{press_numerical_nodate,
	location = {Cambridge},
	edition = {3. Auflage},
	title = {Numerical Recipes},
	isbn = {78-0-521-88068-8},
	author = {Press, William and Teukolsky, Saul and Vetterling, William and Flannery, Brian},
	file = {numerical_recipes.pdf:/home/max/Zotero/storage/NSI6G634/numerical_recipes.pdf:application/pdf},
}

@article{luo_asymmetric_2015,
	title = {Asymmetric Windows and Their Application in Frequency Estimation},
	volume = {9},
	issn = {1748-3026, 1748-3026},
	url = {http://journals.sagepub.com/doi/10.1260/1748-3018.9.4.389},
	doi = {10.1260/1748-3018.9.4.389},
	abstract = {Classic windows have constant time delay and linear phase because of the symmetry and the time shift causality-imposed in the time domain. And thus, all such windows have the same spectral phase response. Removal of the symmetry constraint on a classic window can result in a variable phase response and in an alterable time delay. In essence the time delay becomes shorter will bring about a lot of benefits in speech coding. Some asymmetric windows with better magnitude response also can lead to a better recognition performance if the result is relatively insensitive to phase distortion. However, it is surprising that so little attention has been paid to the asymmetric windows in past literature; and never in past history has this issue been systematically or comprehensively studied. As a result, several methods to obtain the asymmetric windows are being presented in this paper. The asymmetric windows are displayed and compared with the classic windows, concerning both in time and frequency domains. Some new asymmetric windows with good behavior are introduced. The work in this paper makes it possible for researchers to select an asymmetric window to meet their requirements, in terms of bias due to time delay or bias due to spectral behavior. Finally, the application in a new aspect, of the asymmetric windows, is displayed. The simulation demonstrates that the improved estimation method, in which the symmetric windows are replaced by the asymmetric windows, shows a stronger capability of additive noise resistance than the traditional method.},
	pages = {389--412},
	number = {4},
	journaltitle = {Journal of Algorithms \& Computational Technology},
	shortjournal = {Journal of Algorithms \& Computational Technology},
	author = {Luo, Jiufei and Xie, Zhijiang and Li, Xinyi},
	urldate = {2021-09-14},
	date = {2015-12},
	langid = {english},
	keywords = {Programmierung, Window},
	file = {Luo et al. - 2015 - Asymmetric Windows and Their Application in Freque.pdf:/home/max/Zotero/storage/W5GS24ZQ/Luo et al. - 2015 - Asymmetric Windows and Their Application in Freque.pdf:application/pdf},
}

@article{di_giorgio_near_2014,
	title = {Near real time load shifting control for residential electricity prosumers under designed and market indexed pricing models},
	volume = {128},
	issn = {03062619},
	url = {https://linkinghub.elsevier.com/retrieve/pii/S0306261914003857},
	doi = {10.1016/j.apenergy.2014.04.032},
	abstract = {This paper presents an event driven model predictive control approach for a local energy management system, enabling residential consumers to the automated participation in demand side management ({DSM}) programs. We consider a household equipped with smart appliances, a storage unit, electric vehicles and photovoltaic micro-generation. Resources are coordinated according to the needs of maximizing self-consumption and minimizing the cost of energy consumption, in a contractual scenario characterized by designed or market indexed pricing models, with {DSM} options. The control action (appliances’ start times, the storage charging proﬁle and the {IEC} 61851 compliant charging proﬁle of the electric vehicles) is updated every time an event triggers the controller, such as a user request, a price/volume signal or the notiﬁcation of a new forecast of micro-generation from the photovoltaic unit. The control framework is ﬂexible enough to meet the real dynamics of a household and short-term grid requirements, while taking into account user preferences, contractual and technical constraints. A proper set of simulations validates the proposed approach.},
	pages = {119--132},
	journaltitle = {Applied Energy},
	shortjournal = {Applied Energy},
	author = {Di Giorgio, Alessandro and Liberati, Francesco},
	urldate = {2021-09-17},
	date = {2014-09},
	langid = {english},
	file = {Di Giorgio und Liberati - 2014 - Near real time load shifting control for residenti.pdf:/home/max/Zotero/storage/5LQ9UQA9/Di Giorgio und Liberati - 2014 - Near real time load shifting control for residenti.pdf:application/pdf},
}

@article{boxleitner_speicherbedarf_2013,
	title = {Speicherbedarf für eine regenerative Strom-Vollversorgung Österreichs},
	volume = {130},
	issn = {0932-383X, 1613-7620},
	url = {http://link.springer.com/10.1007/s00502-013-0125-5},
	doi = {10.1007/s00502-013-0125-5},
	pages = {16--21},
	number = {1},
	journaltitle = {e \& i Elektrotechnik und Informationstechnik},
	shortjournal = {Elektrotech. Inftech.},
	author = {Boxleitner, Martin and Groiß, Christoph and Chochole, Michael},
	urldate = {2021-10-05},
	date = {2013-02},
	langid = {german},
	keywords = {Modellierung Stromnetz, Speicherintegration},
	file = {Boxleitner et al. - 2013 - Speicherbedarf für eine regenerative Strom-Vollver.pdf:/home/max/Zotero/storage/2D587DUV/Boxleitner et al. - 2013 - Speicherbedarf für eine regenerative Strom-Vollver.pdf:application/pdf},
}

@report{letha_interaction_2021,
	location = {Lulea},
	title = {Interaction between charging infrastructure and the electricity grid},
	abstract = {Impacts of electric vehicles on the electricity grid, from a technical point of view. No time-series approximations},
	pages = {ISBN 978--91--7790--807--4},
	author = {Letha, Shimi Sudha and Busatto, Tatiano and Bollen, Math},
	date = {2021},
	file = {FULLTEXT02.pdf:/home/max/Zotero/storage/YCMZK5JC/FULLTEXT02.pdf:application/pdf},
}

@inproceedings{vonk_analysis_2013,
	title = {Analysis of electric vehicles measurements},
	doi = {10.1109/UPEC.2013.6714904},
	abstract = {Electric vehicles are expected to have a significant impact on electricity grids. Intelligent charging strategies are suggested by literature and tested in the field to prevent overloading of network assets in electricity grids by using the flexibility of electro-mobility. This paper covers an analysis of a fleet of electric vehicles that were measured for more than a year and assesses the amount of flexibility the fleet has to reduce the peak loading of a distribution transformer by intelligent charging.},
	eventtitle = {2013 48th International Universities' Power Engineering Conference ({UPEC})},
	pages = {1--6},
	booktitle = {2013 48th International Universities' Power Engineering Conference ({UPEC})},
	author = {Vonk, B. M. J. and Geldtmeijer, D. A. M. and Slootweg, J. G},
	date = {2013-09},
	keywords = {Batteries, Biological system modeling, distribution networks, Electric vehicles, Load modeling, Simulation, smart grids, System-on-chip, Time-frequency analysis, Vehicles},
	file = {IEEE Xplore Full Text PDF:/home/max/Zotero/storage/GSJ37DR4/Vonk et al. - 2013 - Analysis of electric vehicles measurements.pdf:application/pdf;IEEE Xplore Abstract Record:/home/max/Zotero/storage/452F2VWI/6714904.html:text/html},
}

@article{brauner_energiebereitstellung_2009,
	title = {Energiebereitstellung für die Elektromobilität},
	volume = {126},
	issn = {0932-383X, 1613-7620},
	url = {http://link.springer.com/10.1007/s00502-009-0682-9},
	doi = {10.1007/s00502-009-0682-9},
	pages = {371--374},
	number = {10},
	journaltitle = {e \& i Elektrotechnik und Informationstechnik},
	shortjournal = {Elektrotech. Inftech.},
	author = {Brauner, G.},
	urldate = {2021-10-06},
	date = {2009-10},
	langid = {german},
	file = {Brauner - 2009 - Energiebereitstellung für die Elektromobilität.pdf:/home/max/Zotero/storage/7NTEW5Q4/Brauner - 2009 - Energiebereitstellung für die Elektromobilität.pdf:application/pdf},
}

@collection{edenhofer_climate_2015,
	location = {Geneva, Switzerland},
	title = {Climate Change 2014: Mitigation of Climate Change ; Summary for Policymakers Technical Summary ; Part of the Working Group {III} Contribution to the Fifth Asessment Report of the Intergovernmental Panel on Climate Change},
	isbn = {978-92-9169-142-5},
	shorttitle = {Climate Change 2014},
	pagetotal = {141},
	publisher = {Intergovernmental Panel on Climate Change},
	editor = {Edenhofer, Ottmar and Pichs-Madruga, Ramon and Sokona, Youba and Minx, Jan C. and Farahani, Ellie and Kadner, Susanne and Seyboth, Kristin and Adler, Anna and Baum, Ina and Brunner, Steffen and Eickmeier, Patrick and Kriemann, Benjamin and Savolainen, Jussi and Schlomer, Steffen and Stechow, Christoph von and Zwickel, Timm and Intergovernmental Panel on Climate Change},
	date = {2015},
	langid = {english},
	file = {Edenhofer et al. - 2015 - Climate Change 2014 Mitigation of Climate Change .pdf:/home/max/Zotero/storage/EDHPCBBZ/Edenhofer et al. - 2015 - Climate Change 2014 Mitigation of Climate Change .pdf:application/pdf},
}

@report{nischkauer_temperaturabhangigkeit_2015,
	location = {Wien},
	title = {Temperaturabhängigkeit des Strom- und Gasverbrauchs},
	abstract = {Seite 24/25: Temperaturabhängigkeit des Stromverbruauchs im Hochsommer},
	number = {15},
	author = {Nischkauer, Hans},
	date = {2015},
	file = {7dab5eaf-4013-429a-bf08-06b744131440.pdf:/home/max/Zotero/storage/5F68MCSR/7dab5eaf-4013-429a-bf08-06b744131440.pdf:application/pdf},
}

@article{chochole_osterreichisches_2013,
	title = {Österreichisches Super-Grid für eine rein regenerative Stromversorgung},
	volume = {130},
	issn = {0932-383X, 1613-7620},
	url = {http://link.springer.com/10.1007/s00502-013-0121-9},
	doi = {10.1007/s00502-013-0121-9},
	pages = {22--27},
	number = {1},
	journaltitle = {e \& i Elektrotechnik und Informationstechnik},
	shortjournal = {Elektrotech. Inftech.},
	author = {Chochole, Michael and Boxleitner, Martin and Groiß, Christoph},
	urldate = {2021-10-07},
	date = {2013-02},
	langid = {german},
	keywords = {will ich noch lesen, Schreibhilfe},
	file = {Chochole et al. - 2013 - Österreichisches Super-Grid für eine rein regenera.pdf:/home/max/Zotero/storage/7SAPCDZZ/Chochole et al. - 2013 - Österreichisches Super-Grid für eine rein regenera.pdf:application/pdf},
}

@report{noauthor_ipcc_nodate,
	title = {{IPCC} 2021 Summary for policymakers},
	keywords = {will ich noch lesen},
	file = {IPCC_AR6_WGI_SPM.pdf:/home/max/Zotero/storage/KY95UC3V/IPCC_AR6_WGI_SPM.pdf:application/pdf},
}

@article{neumann_heuristics_2019,
	title = {Heuristics for Transmission Expansion Planning in Low-Carbon Energy System Models},
	url = {http://arxiv.org/abs/1907.10548},
	doi = {10.1109/EEM.2019.8916411},
	abstract = {Governments across the world are planning to increase the share of renewables in their energy systems. The siting of new wind and solar power plants requires close coordination with grid planning, and hence co-optimization of investment in generation and transmission expansion in spatially and temporally resolved models is an indispensable but complex problem. Particularly considerations of transmission expansion planning ({TEP}) add to the problem’s complexity. Even if the power ﬂow equations are linearized, the optimization problem is still bilinear and mixed-integer due to the dependence of line expansion on line impedance and a discrete set of line expansion options. While it is possible to linearize this mixed-integer nonlinear program ({MINLP}) by applying a big-M disjunctive relaxation, the resulting {MILP} is still hard to solve using state-of-the-art solvers for large-scale energy system models.},
	pages = {1--8},
	journaltitle = {2019 16th International Conference on the European Energy Market ({EEM})},
	author = {Neumann, Fabian and Brown, Tom},
	urldate = {2021-10-24},
	date = {2019-09},
	langid = {english},
	eprinttype = {arxiv},
	eprint = {1907.10548},
	keywords = {Mathematics - Optimization and Control, Physics - Physics and Society},
	file = {Neumann und Brown - 2019 - Heuristics for Transmission Expansion Planning in .pdf:/home/max/Zotero/storage/AYGMYAWW/Neumann und Brown - 2019 - Heuristics for Transmission Expansion Planning in .pdf:application/pdf},
}

@report{noauthor_mobilitatsmasterplan_2021,
	location = {Wien},
	title = {Mobilitätsmasterplan 2030 für Österreich - Der neue Klimaschutz-Rahmen für den Verkehrssektor Nachhaltig - resilient - digital},
	institution = {Bundesministerium für Klimaschutz, Umwelt, Energie, Mobilität, Innovation und Technologie},
	date = {2021},
	keywords = {Klimapolitik, will ich noch lesen},
	file = {BMK_Mobilitaetsmasterplan2030_DE_UA.pdf:/home/max/Zotero/storage/W2FIVLB3/BMK_Mobilitaetsmasterplan2030_DE_UA.pdf:application/pdf},
}

@online{noauthor_mapping_nodate,
	title = {Mapping the performance of {PV} modules, effects of module type and data averaging {\textbar} Elsevier Enhanced Reader},
	url = {https://reader.elsevier.com/reader/sd/pii/S0038092X0900293X?token=0FEECB0D26B46E581C7D31EC9FFFDC48283D36B5E063769B42BA066EEC257CE14E05E58404C69AD8BFE72A486DF2173C&originRegion=eu-west-1&originCreation=20211030100951},
	urldate = {2021-10-30},
	langid = {english},
	doi = {10.1016/j.solener.2009.12.002},
	keywords = {will ich noch lesen, ausdrucken},
	file = {Snapshot:/home/max/Zotero/storage/QHIAQN7B/S0038092X0900293X.html:text/html;Mapping the performance of PV modules, effects of .pdf:/home/max/Zotero/storage/UGE4PPYS/Mapping the performance of PV modules, effects of .pdf:application/pdf},
}

@report{brown_benefits_2017,
	title = {The benefits of cooperation in a highly renewable European electricity network},
	url = {https://reader.elsevier.com/reader/sd/pii/S0360544217309969?token=FEEC57AA9A07D60BE520235B43D7DA79BD45A38845C52A3FDD88CBA71F9AAE51EC61AD6349E8ACEC56F99DD9B4AB296A&originRegion=eu-west-1&originCreation=20211101091058},
	author = {Brown, T. and Schlachtberger, D. and Schramm, S and Greiner, M.},
	urldate = {2021-11-01},
	date = {2017},
	langid = {english},
	keywords = {will ich noch lesen, ausdrucken},
	file = {Eingereichte Version:/home/max/Zotero/storage/PXY74LKP/The benefits of cooperation in a highly renewable .pdf:application/pdf;Snapshot:/home/max/Zotero/storage/HTAZ9RQQ/S0360544217309969.html:text/html},
}

@unpublished{noauthor_notitle_nodate-1,
}

@misc{noauthor_notitle_nodate-2,
}

@article{safdarian_novel_2015,
	title = {A novel efficient model for the power flow analysis of power systems},
	volume = {23},
	doi = {10.3906/elk-1204-56},
	pages = {52--66},
	journaltitle = {{TURKISH} {JOURNAL} {OF} {ELECTRICAL} {ENGINEERING} \& {COMPUTER} {SCIENCES}},
	shortjournal = {{TURKISH} {JOURNAL} {OF} {ELECTRICAL} {ENGINEERING} \& {COMPUTER} {SCIENCES}},
	author = {Safdarian, Amir and Fotuhi-Firuzabad, Mahmoud and Aminifar, Farrokh},
	date = {2015-01-01},
	file = {Safdarian et al. - 2015 - A novel efficient model for the power flow analysi.pdf:/home/max/Zotero/storage/26JLIEE3/Safdarian et al. - 2015 - A novel efficient model for the power flow analysi.pdf:application/pdf},
}

@article{biermayr_innovative_nodate,
	title = {Innovative Energietechnologien  in Österreich  - Marktentwicklung 2020},
	pages = {273},
	author = {Biermayr, P and Dißauer, C and Eberl, M and Enigl, M and Fechner, H and Fürnsinn, B and Jaksch-Fliegenschnee, M and Leonhartsberger, K and Moidl, S and Prem, E and Schmidl, C and Strasser, C and Weiss, W and Wittmann, M and Wonisch, P and Wopienka, E},
	langid = {german},
	keywords = {Strommarkt {AUT}, Szenarienbildung, Validation},
	file = {Biermayr et al. - Innovative Energietechnologien  in Österreich  - M.pdf:/home/max/Zotero/storage/TYEVSPED/Biermayr et al. - Innovative Energietechnologien  in Österreich  - M.pdf:application/pdf},
}

@book{cionni_validation_2017,
	edition = {2},
	title = {Validation of observational  dataset and recommendations  to the energy users},
	url = {https://www.s2s4e.eu/sites/default/files/2018-09/s2s4e_d3.1_1_.pdf},
	series = {Climate Services for Clean Energy},
	abstract = {Informationen zu {ERA}5 und {SARAH}2 (Heliostat Datensets)},
	author = {Cionni, Irene and Jaume, Ramon and Llorenc, Lledó and Harilaos, Loukos and Noel, Thomas},
	date = {2017},
	file = {s2s4e_d3.1_1_.pdf:/home/max/Zotero/storage/5NAQMRYV/s2s4e_d3.1_1_.pdf:application/pdf},
}

@report{noauthor_kernenergie_2020,
	location = {Tarau},
	title = {Kernenergie - Basiswissen-Dokument},
	institution = {Verband Schweizerischer Elektrizitätsunternehmen},
	date = {2020},
	file = {_.pdf:/home/max/Zotero/storage/ZMBSJTUQ/_.pdf:application/pdf},
}

@report{noauthor_italys_2017,
	location = {{kA}.},
	title = {Italy's national energy strategy 2017},
	url = {https://www.mise.gov.it/images/stories/documenti/BROCHURE_ENG_SEN.PDF},
	pages = {27},
	institution = {Ministero dello Sviluppo Economico, Ministero dell'ambiente},
	date = {2017},
	file = {BROCHURE_ENG_SEN.pdf:/home/max/Zotero/storage/N8QX6DWM/BROCHURE_ENG_SEN.pdf:application/pdf},
}

@report{noauthor_integrated_2019-1,
	location = {Bratislava},
	title = {Integrated National Energy and Climate Plan for 2021 to 2030},
	institution = {Slovak Ministry of Economy},
	date = {2019},
	file = {_.pdf:/home/max/Zotero/storage/SAIJ7BJI/_.pdf:application/pdf},
}

@report{noauthor_national_2012,
	location = {Budapest},
	title = {National Energy Strategy 2030},
	url = {https://2010-2014.kormany.hu/download/7/d7/70000/Hungarian%20Energy%20Strategy%202030.pdf},
	shorttitle = {Nemzeti Energiastrat?},
	institution = {Ministry of National Development},
	date = {2012},
	langid = {english},
	note = {{OCLC}: 909837073},
	file = {2012 - Nemzeti Energiastratgia 2030 sszefoglal..pdf:/home/max/Zotero/storage/AQW2NXVK/2012 - Nemzeti Energiastratgia 2030 sszefoglal..pdf:application/pdf},
}

@report{noauthor_state_2014,
	location = {Prague},
	title = {State Energy policy of the Czech Republic},
	url = {https://www.mpo.cz/assets/en/energy/state-energy-policy/2017/11/State-Energy-Policy-_2015__EN.pdf},
	institution = {Ministerstvo Prumyslu a Obchodu},
	date = {2014},
	file = {State-Energy-Policy-_2015__EN.pdf:/home/max/Zotero/storage/MTVIVQS6/State-Energy-Policy-_2015__EN.pdf:application/pdf},
}

@report{noauthor_national_2019,
	location = {Prague},
	title = {National Energy and Climate Plan of the Czech Republic},
	url = {https://ec.europa.eu/energy/sites/default/files/documents/cs_final_necp_main_en.pdf},
	date = {2019},
	file = {cs_final_necp_main_en.pdf:/home/max/Zotero/storage/TJN8E6HL/cs_final_necp_main_en.pdf:application/pdf},
}

@report{noauthor_integrierter_2020,
	location = {{kA}.},
	title = {Integrierter Nationaler Energie- und Klimaplan},
	institution = {Bundesministerium für Wirtschaft und Energie},
	date = {2020},
	file = {integrierter-nationaler-energie-klimaplan.pdf:/home/max/Zotero/storage/JEXRC6YR/integrierter-nationaler-energie-klimaplan.pdf:application/pdf},
}