@ARTICLE{test,  author={Xiao, Y.},  journal={IEEE Communications Letters},   title={Energy saving mechanism in the IEEE 802.16e wireless MAN},   year={2005},  volume={9},  number={7},  pages={595-597},  doi={10.1109/LCOMM.2005.1461675}}